{
    "shoes_price": [
        {
            "Name": "Jordan 4 Retro Bred (2019)",
            "Sales": "28140",
            "Retail_Price": "200",
            "Averge_Sale_Price": "254",
            "Highest_Price": "520",
            "Lowest_Price": "138",
            "Release_Date": "2019-05-04",
            "id": 1
        },
        {
            "Name": "Jordan 1 Retro High Travis Scott",
            "Sales": "17269",
            "Retail_Price": "175",
            "Averge_Sale_Price": "1013",
            "Highest_Price": "3000",
            "Lowest_Price": "578",
            "Release_Date": "2019-05-11",
            "id": 2
        },
        {
            "Name": "Jordan 11 Retro Concord (2018)",
            "Sales": "37993",
            "Retail_Price": "220",
            "Averge_Sale_Price": "278",
            "Highest_Price": "500",
            "Lowest_Price": "175",
            "Release_Date": "2018-12-08",
            "id": 3
        },
        {
            "Name": "Jordan 1 Retro High Black Crimson Tint",
            "Sales": "14118",
            "Retail_Price": "160",
            "Averge_Sale_Price": "199",
            "Highest_Price": "500",
            "Lowest_Price": "82",
            "Release_Date": "2019-04-12",
            "id": 4
        },
        {
            "Name": "Jordan 1 Retro High Turbo Green",
            "Sales": "23862",
            "Retail_Price": "160",
            "Averge_Sale_Price": "235",
            "Highest_Price": "405",
            "Lowest_Price": "75",
            "Release_Date": "2019-02-15",
            "id": 5
        },
        {
            "Name": "Jordan 1 Low SB Midnight Navy",
            "Sales": "1691",
            "Retail_Price": "110",
            "Averge_Sale_Price": "144",
            "Highest_Price": "232",
            "Lowest_Price": "110",
            "Release_Date": "2019-06-17",
            "id": 6
        },
        {
            "Name": "Jordan 11 Retro Low Snake Navy (2019)",
            "Sales": "5154",
            "Retail_Price": "185",
            "Averge_Sale_Price": "165",
            "Highest_Price": "350",
            "Lowest_Price": "115",
            "Release_Date": "2019-04-19",
            "id": 7
        },
        {
            "Name": "Jordan 6 Retro Black Infrared (2019)",
            "Sales": "21192",
            "Retail_Price": "200",
            "Averge_Sale_Price": "239",
            "Highest_Price": "470",
            "Lowest_Price": "150",
            "Release_Date": "2019-02-16",
            "id": 8
        },
        {
            "Name": "Jordan 1 Retro High Bred Toe",
            "Sales": "7791",
            "Retail_Price": "160",
            "Averge_Sale_Price": "367",
            "Highest_Price": "750",
            "Lowest_Price": "100",
            "Release_Date": "2018-02-24",
            "id": 9
        },
        {
            "Name": "Jordan 7 Retro Patta Shimmer",
            "Sales": "3870",
            "Retail_Price": "200",
            "Averge_Sale_Price": "290",
            "Highest_Price": "1200",
            "Lowest_Price": "140",
            "Release_Date": "2019-06-15",
            "id": 10
        },
        {
            "Name": "Jordan 1 Retro High Rookie of the Year",
            "Sales": "24811",
            "Retail_Price": "160",
            "Averge_Sale_Price": "245",
            "Highest_Price": "800",
            "Lowest_Price": "145",
            "Release_Date": "2018-11-17",
            "id": 11
        },
        {
            "Name": "Jordan 1 Retro High Phantom Gym Red",
            "Sales": "9471",
            "Retail_Price": "160",
            "Averge_Sale_Price": "190",
            "Highest_Price": "400",
            "Lowest_Price": "100",
            "Release_Date": "2019-03-30",
            "id": 12
        },
        {
            "Name": "Jordan 1 Retro High Shadow (2018)",
            "Sales": "12791",
            "Retail_Price": "160",
            "Averge_Sale_Price": "225",
            "Highest_Price": "615",
            "Lowest_Price": "100",
            "Release_Date": "2018-04-14",
            "id": 13
        },
        {
            "Name": "Jordan 1 Retro High Neutral Grey Hyper Crimson",
            "Sales": "17107",
            "Retail_Price": "160",
            "Averge_Sale_Price": "220",
            "Highest_Price": "400",
            "Lowest_Price": "105",
            "Release_Date": "2019-01-24",
            "id": 14
        },
        {
            "Name": "Jordan 3 Retro Black Cement (2018)",
            "Sales": "9513",
            "Retail_Price": "200",
            "Averge_Sale_Price": "243",
            "Highest_Price": "355",
            "Lowest_Price": "150",
            "Release_Date": "2018-02-17",
            "id": 15
        },
        {
            "Name": "Jordan 1 Low Black Toe",
            "Sales": "4978",
            "Retail_Price": "90",
            "Averge_Sale_Price": "106",
            "Highest_Price": "300",
            "Lowest_Price": "60",
            "Release_Date": "2019-04-01",
            "id": 16
        },
        {
            "Name": "Jordan 1 Retro High Spider-Man Origin Story",
            "Sales": "19839",
            "Retail_Price": "160",
            "Averge_Sale_Price": "306",
            "Highest_Price": "634",
            "Lowest_Price": "195",
            "Release_Date": "2018-12-14",
            "id": 17
        },
        {
            "Name": "Jordan 1 Retro High Sports Illustrated (A Star Is Born)",
            "Sales": "15958",
            "Retail_Price": "160",
            "Averge_Sale_Price": "205",
            "Highest_Price": "431",
            "Lowest_Price": "90",
            "Release_Date": "2018-12-27",
            "id": 18
        },
        {
            "Name": "Jordan 1 Retro High OG Defiant Couture",
            "Sales": "9581",
            "Retail_Price": "175",
            "Averge_Sale_Price": "216",
            "Highest_Price": "675",
            "Lowest_Price": "90",
            "Release_Date": "2019-02-23",
            "id": 19
        },
        {
            "Name": "Jordan 1 Retro High Turbo Green (GS)",
            "Sales": "18916",
            "Retail_Price": "120",
            "Averge_Sale_Price": "225",
            "Highest_Price": "455",
            "Lowest_Price": "129",
            "Release_Date": "2019-02-15",
            "id": 20
        },
        {
            "Name": "Jordan 1 Retro High UNC Patent (W)",
            "Sales": "20934",
            "Retail_Price": "160",
            "Averge_Sale_Price": "386",
            "Highest_Price": "719",
            "Lowest_Price": "221",
            "Release_Date": "2019-02-14",
            "id": 21
        },
        {
            "Name": "Jordan 11 Retro Win Like 96",
            "Sales": "5263",
            "Retail_Price": "220",
            "Averge_Sale_Price": "251",
            "Highest_Price": "369",
            "Lowest_Price": "130",
            "Release_Date": "2017-12-09",
            "id": 22
        },
        {
            "Name": "Jordan 1 Retro High Off-White University Blue",
            "Sales": "11089",
            "Retail_Price": "190",
            "Averge_Sale_Price": "898",
            "Highest_Price": "2500",
            "Lowest_Price": "570",
            "Release_Date": "2018-06-23",
            "id": 23
        },
        {
            "Name": "Jordan 1 Retro High Game Royal",
            "Sales": "7554",
            "Retail_Price": "160",
            "Averge_Sale_Price": "245",
            "Highest_Price": "540",
            "Lowest_Price": "100",
            "Release_Date": "2018-07-18",
            "id": 24
        },
        {
            "Name": "Jordan 1 Retro High Twist (W)",
            "Sales": "2989",
            "Retail_Price": "160",
            "Averge_Sale_Price": "198",
            "Highest_Price": "450",
            "Lowest_Price": "134",
            "Release_Date": "2019-05-10",
            "id": 25
        },
        {
            "Name": "Jordan 1 Mid Patent Black White Gold",
            "Sales": "12233",
            "Retail_Price": "120",
            "Averge_Sale_Price": "163",
            "Highest_Price": "352",
            "Lowest_Price": "87",
            "Release_Date": "2019-01-22",
            "id": 26
        },
        {
            "Name": "Jordan 11 Retro Space Jam (2016)",
            "Sales": "5301",
            "Retail_Price": "220",
            "Averge_Sale_Price": "297",
            "Highest_Price": "400",
            "Lowest_Price": "150",
            "Release_Date": "2016-12-10",
            "id": 27
        },
        {
            "Name": "Jordan 1 Retro Royal (2017)",
            "Sales": "5032",
            "Retail_Price": "160",
            "Averge_Sale_Price": "274",
            "Highest_Price": "430",
            "Lowest_Price": "175",
            "Release_Date": "2017-04-01",
            "id": 28
        },
        {
            "Name": "Jordan 3 Retro Tinker White University Red",
            "Sales": "2477",
            "Retail_Price": "225",
            "Averge_Sale_Price": "187",
            "Highest_Price": "569",
            "Lowest_Price": "115",
            "Release_Date": "2019-03-30",
            "id": 29
        },
        {
            "Name": "Jordan 4 Retro Flight Nostalgia",
            "Sales": "4188",
            "Retail_Price": "190",
            "Averge_Sale_Price": "165",
            "Highest_Price": "280",
            "Lowest_Price": "100",
            "Release_Date": "2019-03-02",
            "id": 30
        },
        {
            "Name": "Jordan 1 Retro High Homage To Home (Non-numbered)",
            "Sales": "12145",
            "Retail_Price": "160",
            "Averge_Sale_Price": "281",
            "Highest_Price": "475",
            "Lowest_Price": "155",
            "Release_Date": "2018-05-19",
            "id": 31
        },
        {
            "Name": "Jordan 11 Retro UNC Win Like 82",
            "Sales": "4176",
            "Retail_Price": "220",
            "Averge_Sale_Price": "225",
            "Highest_Price": "345",
            "Lowest_Price": "165",
            "Release_Date": "2017-11-11",
            "id": 32
        },
        {
            "Name": "Jordan 4 Retro Travis Scott Cactus Jack",
            "Sales": "10937",
            "Retail_Price": "225",
            "Averge_Sale_Price": "384",
            "Highest_Price": "908",
            "Lowest_Price": "285",
            "Release_Date": "2018-06-09",
            "id": 33
        },
        {
            "Name": "Jordan 14 Retro Rip Hamilton",
            "Sales": "2359",
            "Retail_Price": "190",
            "Averge_Sale_Price": "210",
            "Highest_Price": "327",
            "Lowest_Price": "126",
            "Release_Date": "2019-04-06",
            "id": 34
        },
        {
            "Name": "Jordan 1 Retro Bred (2016)",
            "Sales": "2829",
            "Retail_Price": "160",
            "Averge_Sale_Price": "475",
            "Highest_Price": "700",
            "Lowest_Price": "140",
            "Release_Date": "2016-09-03",
            "id": 35
        },
        {
            "Name": "Jordan 1 Retro High Hyper Royal",
            "Sales": "2420",
            "Retail_Price": "160",
            "Averge_Sale_Price": "109",
            "Highest_Price": "178",
            "Lowest_Price": "70",
            "Release_Date": "2018-07-07",
            "id": 36
        },
        {
            "Name": "Jordan 1 Retro High NRG Patent Gold Toe",
            "Sales": "4875",
            "Retail_Price": "160",
            "Averge_Sale_Price": "293",
            "Highest_Price": "1000",
            "Lowest_Price": "175",
            "Release_Date": "2018-02-10",
            "id": 37
        },
        {
            "Name": "Jordan 13 Retro He Got Game (2018)",
            "Sales": "7739",
            "Retail_Price": "190",
            "Averge_Sale_Price": "217",
            "Highest_Price": "398",
            "Lowest_Price": "140",
            "Release_Date": "2018-08-04",
            "id": 38
        },
        {
            "Name": "Jordan 4 Retro Raptors (2018)",
            "Sales": "6049",
            "Retail_Price": "200",
            "Averge_Sale_Price": "237",
            "Highest_Price": "620",
            "Lowest_Price": "150",
            "Release_Date": "2018-08-18",
            "id": 39
        },
        {
            "Name": "Jordan 3 Retro Tinker Hatfield",
            "Sales": "5230",
            "Retail_Price": "200",
            "Averge_Sale_Price": "207",
            "Highest_Price": "500",
            "Lowest_Price": "150",
            "Release_Date": "2018-03-24",
            "id": 40
        },
        {
            "Name": "Jordan 3 Retro True Blue (2016)",
            "Sales": "2456",
            "Retail_Price": "220",
            "Averge_Sale_Price": "236",
            "Highest_Price": "550",
            "Lowest_Price": "140",
            "Release_Date": "2016-11-25",
            "id": 41
        },
        {
            "Name": "Jordan 1 Mid SE Lakers",
            "Sales": "6054",
            "Retail_Price": "120",
            "Averge_Sale_Price": "178",
            "Highest_Price": "600",
            "Lowest_Price": "80",
            "Release_Date": "2019-02-01",
            "id": 42
        },
        {
            "Name": "Jordan 1 Retro High Union Los Angeles Black Toe",
            "Sales": "5686",
            "Retail_Price": "190",
            "Averge_Sale_Price": "772",
            "Highest_Price": "1563",
            "Lowest_Price": "420",
            "Release_Date": "2018-11-17",
            "id": 43
        },
        {
            "Name": "Jordan 1 Retro High Satin Shattered Backboard (W)",
            "Sales": "4838",
            "Retail_Price": "160",
            "Averge_Sale_Price": "367",
            "Highest_Price": "752",
            "Lowest_Price": "210",
            "Release_Date": "2018-05-05",
            "id": 44
        },
        {
            "Name": "Jordan 1 Low Sail University Gold Black",
            "Sales": "1570",
            "Retail_Price": "90",
            "Averge_Sale_Price": "101",
            "Highest_Price": "230",
            "Lowest_Price": "70",
            "Release_Date": "2019-04-01",
            "id": 45
        },
        {
            "Name": "Jordan 1 Mid Alternate Think 16",
            "Sales": "6795",
            "Retail_Price": "110",
            "Averge_Sale_Price": "146",
            "Highest_Price": "325",
            "Lowest_Price": "70",
            "Release_Date": "2018-12-13",
            "id": 46
        },
        {
            "Name": "Jordan 1 Mid Patent Black White Gold (GS)",
            "Sales": "4019",
            "Retail_Price": "90",
            "Averge_Sale_Price": "126",
            "Highest_Price": "184",
            "Lowest_Price": "80",
            "Release_Date": "2019-01-22",
            "id": 47
        },
        {
            "Name": "Jordan 11 Retro Legend Blue (2014)",
            "Sales": "2462",
            "Retail_Price": "200",
            "Averge_Sale_Price": "271",
            "Highest_Price": "440",
            "Lowest_Price": "210",
            "Release_Date": "2014-12-20",
            "id": 48
        },
        {
            "Name": "Jordan 11 Retro Low Cool Grey",
            "Sales": "3540",
            "Retail_Price": "175",
            "Averge_Sale_Price": "175",
            "Highest_Price": "310",
            "Lowest_Price": "114",
            "Release_Date": "2018-04-28",
            "id": 49
        },
        {
            "Name": "Jordan 1 Retro High Blue Moon",
            "Sales": "2758",
            "Retail_Price": "160",
            "Averge_Sale_Price": "267",
            "Highest_Price": "550",
            "Lowest_Price": "135",
            "Release_Date": "2018-05-01",
            "id": 50
        },
        {
            "Name": "Jordan 1 Retro Top 3",
            "Sales": "1322",
            "Retail_Price": "160",
            "Averge_Sale_Price": "445",
            "Highest_Price": "672",
            "Lowest_Price": "150",
            "Release_Date": "2016-11-28",
            "id": 51
        },
        {
            "Name": "Jordan 3 Retro JTH Bio Beige",
            "Sales": "4463",
            "Retail_Price": "250",
            "Averge_Sale_Price": "294",
            "Highest_Price": "800",
            "Lowest_Price": "185",
            "Release_Date": "2018-08-28",
            "id": 52
        },
        {
            "Name": "Jordan 1 Retro High Clay Green",
            "Sales": "3077",
            "Retail_Price": "160",
            "Averge_Sale_Price": "230",
            "Highest_Price": "486",
            "Lowest_Price": "120",
            "Release_Date": "2018-05-01",
            "id": 53
        },
        {
            "Name": "Jordan 12 Retro Michigan",
            "Sales": "2259",
            "Retail_Price": "225",
            "Averge_Sale_Price": "232",
            "Highest_Price": "400",
            "Lowest_Price": "150",
            "Release_Date": "2018-06-23",
            "id": 54
        },
        {
            "Name": "Jordan 11 Retro Heiress Black Stingray (GS)",
            "Sales": "1593",
            "Retail_Price": "220",
            "Averge_Sale_Price": "162",
            "Highest_Price": "250",
            "Lowest_Price": "85",
            "Release_Date": "2017-11-24",
            "id": 55
        },
        {
            "Name": "Jordan 1 Retro High Varsity Red",
            "Sales": "6640",
            "Retail_Price": "160",
            "Averge_Sale_Price": "601",
            "Highest_Price": "1000",
            "Lowest_Price": "320",
            "Release_Date": "2018-11-07",
            "id": 56
        },
        {
            "Name": "Jordan 6 Retro UNC",
            "Sales": "1125",
            "Retail_Price": "190",
            "Averge_Sale_Price": "227",
            "Highest_Price": "357",
            "Lowest_Price": "135",
            "Release_Date": "2017-12-02",
            "id": 57
        },
        {
            "Name": "Jordan 6 Retro Black Infrared 2019 (GS)",
            "Sales": "6597",
            "Retail_Price": "140",
            "Averge_Sale_Price": "163",
            "Highest_Price": "245",
            "Lowest_Price": "106",
            "Release_Date": "2019-02-16",
            "id": 58
        },
        {
            "Name": "Jordan 1 Retro High Union Los Angeles Blue Toe",
            "Sales": "4829",
            "Retail_Price": "190",
            "Averge_Sale_Price": "880",
            "Highest_Price": "2000",
            "Lowest_Price": "591",
            "Release_Date": "2018-11-17",
            "id": 59
        },
        {
            "Name": "Jordan 4 Retro Levi's Black (Levi's Tag)",
            "Sales": "3268",
            "Retail_Price": "225",
            "Averge_Sale_Price": "296",
            "Highest_Price": "1750",
            "Lowest_Price": "212",
            "Release_Date": "2018-06-30",
            "id": 60
        },
        {
            "Name": "Jordan 3 Retro International Flight",
            "Sales": "2817",
            "Retail_Price": "190",
            "Averge_Sale_Price": "165",
            "Highest_Price": "280",
            "Lowest_Price": "101",
            "Release_Date": "2018-06-30",
            "id": 61
        },
        {
            "Name": "Jordan 11 Retro Playoffs (2012)",
            "Sales": "1400",
            "Retail_Price": "180",
            "Averge_Sale_Price": "416",
            "Highest_Price": "700",
            "Lowest_Price": "290",
            "Release_Date": "2012-12-21",
            "id": 62
        },
        {
            "Name": "Jordan 1 Retro High Off-White Chicago",
            "Sales": "1151",
            "Retail_Price": "190",
            "Averge_Sale_Price": "2765",
            "Highest_Price": "4786",
            "Lowest_Price": "1700",
            "Release_Date": "2017-09-09",
            "id": 63
        },
        {
            "Name": "Jordan 6 Retro Gatorade Green",
            "Sales": "1051",
            "Retail_Price": "225",
            "Averge_Sale_Price": "244",
            "Highest_Price": "390",
            "Lowest_Price": "185",
            "Release_Date": "2017-12-30",
            "id": 64
        },
        {
            "Name": "Jordan 11 Retro Concord (2011)",
            "Sales": "656",
            "Retail_Price": "175",
            "Averge_Sale_Price": "346",
            "Highest_Price": "1000",
            "Lowest_Price": "240",
            "Release_Date": "2011-12-23",
            "id": 65
        },
        {
            "Name": "Jordan 4 Retro Kaws",
            "Sales": "633",
            "Retail_Price": "350",
            "Averge_Sale_Price": "1210",
            "Highest_Price": "2483",
            "Lowest_Price": "901",
            "Release_Date": "2017-03-31",
            "id": 66
        },
        {
            "Name": "Jordan 13 Retro Bred (2017)",
            "Sales": "1664",
            "Retail_Price": "190",
            "Averge_Sale_Price": "195",
            "Highest_Price": "299",
            "Lowest_Price": "80",
            "Release_Date": "2017-08-19",
            "id": 67
        },
        {
            "Name": "Jordan 6 Retro Infrared Black (2014)",
            "Sales": "1614",
            "Retail_Price": "185",
            "Averge_Sale_Price": "255",
            "Highest_Price": "390",
            "Lowest_Price": "100",
            "Release_Date": "2014-11-28",
            "id": 68
        },
        {
            "Name": "Jordan 1 Retro High Gatorade Orange Peel",
            "Sales": "1183",
            "Retail_Price": "175",
            "Averge_Sale_Price": "110",
            "Highest_Price": "225",
            "Lowest_Price": "70",
            "Release_Date": "2017-12-26",
            "id": 69
        },
        {
            "Name": "Jordan 1 Retro Shattered Backboard",
            "Sales": "736",
            "Retail_Price": "160",
            "Averge_Sale_Price": "846",
            "Highest_Price": "1507",
            "Lowest_Price": "486",
            "Release_Date": "2015-06-27",
            "id": 70
        },
        {
            "Name": "Jordan 1 Retro High Gatorade Cyber",
            "Sales": "642",
            "Retail_Price": "175",
            "Averge_Sale_Price": "141",
            "Highest_Price": "375",
            "Lowest_Price": "85",
            "Release_Date": "2017-12-26",
            "id": 71
        },
        {
            "Name": "Jordan 1 Retro High Nigel Sylvester",
            "Sales": "4785",
            "Retail_Price": "180",
            "Averge_Sale_Price": "342",
            "Highest_Price": "600",
            "Lowest_Price": "205",
            "Release_Date": "2018-09-01",
            "id": 72
        },
        {
            "Name": "Jordan 6 Retro Gatorade Like Mike White",
            "Sales": "1307",
            "Retail_Price": "190",
            "Averge_Sale_Price": "154",
            "Highest_Price": "270",
            "Lowest_Price": "85",
            "Release_Date": "2017-12-16",
            "id": 73
        },
        {
            "Name": "Jordan 4 Retro Kaws Black",
            "Sales": "805",
            "Retail_Price": "350",
            "Averge_Sale_Price": "777",
            "Highest_Price": "1300",
            "Lowest_Price": "590",
            "Release_Date": "2017-11-27",
            "id": 74
        },
        {
            "Name": "Jordan 3 Retro Quai54 (2018)",
            "Sales": "1632",
            "Retail_Price": "180",
            "Averge_Sale_Price": "255",
            "Highest_Price": "400",
            "Lowest_Price": "140",
            "Release_Date": "2018-07-07",
            "id": 75
        },
        {
            "Name": "Jordan 4 Retro Levi's White (Levi's Tag)",
            "Sales": "900",
            "Retail_Price": "225",
            "Averge_Sale_Price": "429",
            "Highest_Price": "700",
            "Lowest_Price": "290",
            "Release_Date": "2018-06-30",
            "id": 76
        },
        {
            "Name": "Jordan 1 Mid Pine Green (GS)",
            "Sales": "4509",
            "Retail_Price": "100",
            "Averge_Sale_Price": "145",
            "Highest_Price": "260",
            "Lowest_Price": "100",
            "Release_Date": "2018-12-18",
            "id": 77
        },
        {
            "Name": "Jordan 1 Retro Low Slip Chicago (W)",
            "Sales": "3086",
            "Retail_Price": "100",
            "Averge_Sale_Price": "142",
            "Highest_Price": "320",
            "Lowest_Price": "69",
            "Release_Date": "2019-03-01",
            "id": 78
        },
        {
            "Name": "Jordan 1 Retro High Yellow Ochre",
            "Sales": "1266",
            "Retail_Price": "160",
            "Averge_Sale_Price": "306",
            "Highest_Price": "799",
            "Lowest_Price": "210",
            "Release_Date": "2018-05-09",
            "id": 79
        },
        {
            "Name": "Jordan 12 Retro PSNY",
            "Sales": "310",
            "Retail_Price": "300",
            "Averge_Sale_Price": "325",
            "Highest_Price": "449",
            "Lowest_Price": "220",
            "Release_Date": "2015-12-17",
            "id": 80
        },
        {
            "Name": "Jordan 1 Retro High Track Red",
            "Sales": "828",
            "Retail_Price": "160",
            "Averge_Sale_Price": "291",
            "Highest_Price": "452",
            "Lowest_Price": "182",
            "Release_Date": "2018-05-01",
            "id": 81
        },
        {
            "Name": "Jordan 1 Retro Reverse Shattered Backboard",
            "Sales": "555",
            "Retail_Price": "160",
            "Averge_Sale_Price": "513",
            "Highest_Price": "1000",
            "Lowest_Price": "288",
            "Release_Date": "2016-10-08",
            "id": 82
        },
        {
            "Name": "Jordan 1 Retro High Camo 3M Shadow",
            "Sales": "402",
            "Retail_Price": "145",
            "Averge_Sale_Price": "161",
            "Highest_Price": "400",
            "Lowest_Price": "86",
            "Release_Date": "2017-08-01",
            "id": 83
        },
        {
            "Name": "Jordan 6 Retro Aleali May (W)",
            "Sales": "2304",
            "Retail_Price": "190",
            "Averge_Sale_Price": "305",
            "Highest_Price": "950",
            "Lowest_Price": "205",
            "Release_Date": "2019-03-15",
            "id": 84
        },
        {
            "Name": "Jordan 13 Retro Altitude (2017)",
            "Sales": "967",
            "Retail_Price": "190",
            "Averge_Sale_Price": "150",
            "Highest_Price": "250",
            "Lowest_Price": "80",
            "Release_Date": "2017-12-21",
            "id": 85
        },
        {
            "Name": "Jordan 10 Retro Drake OVO Black",
            "Sales": "456",
            "Retail_Price": "225",
            "Averge_Sale_Price": "240",
            "Highest_Price": "406",
            "Lowest_Price": "171",
            "Release_Date": "2016-02-13",
            "id": 86
        },
        {
            "Name": "Jordan 10 Retro Drake OVO White",
            "Sales": "421",
            "Retail_Price": "225",
            "Averge_Sale_Price": "307",
            "Highest_Price": "450",
            "Lowest_Price": "219",
            "Release_Date": "2015-09-12",
            "id": 87
        },
        {
            "Name": "Jordan 3 Retro White Cement ('88 Dunk Contest 2013)",
            "Sales": "325",
            "Retail_Price": "200",
            "Averge_Sale_Price": "430",
            "Highest_Price": "660",
            "Lowest_Price": "310",
            "Release_Date": "2013-02-06",
            "id": 88
        },
        {
            "Name": "Jordan 1 Retro High Gatorade Blue Lagoon",
            "Sales": "932",
            "Retail_Price": "175",
            "Averge_Sale_Price": "140",
            "Highest_Price": "396",
            "Lowest_Price": "75",
            "Release_Date": "2017-12-26",
            "id": 89
        },
        {
            "Name": "Jordan 4 Retro Black Cement (2012)",
            "Sales": "840",
            "Retail_Price": "160",
            "Averge_Sale_Price": "305",
            "Highest_Price": "475",
            "Lowest_Price": "152",
            "Release_Date": "2012-11-01",
            "id": 90
        },
        {
            "Name": "Jordan 1 Retro High Gold Top 3",
            "Sales": "439",
            "Retail_Price": "160",
            "Averge_Sale_Price": "462",
            "Highest_Price": "1000",
            "Lowest_Price": "280",
            "Release_Date": "2017-11-04",
            "id": 91
        },
        {
            "Name": "Jordan 3 Retro Black Cement (2011)",
            "Sales": "355",
            "Retail_Price": "160",
            "Averge_Sale_Price": "235",
            "Highest_Price": "320",
            "Lowest_Price": "165",
            "Release_Date": "2011-11-25",
            "id": 92
        },
        {
            "Name": "Jordan 12 Retro OVO White",
            "Sales": "214",
            "Retail_Price": "225",
            "Averge_Sale_Price": "674",
            "Highest_Price": "1250",
            "Lowest_Price": "450",
            "Release_Date": "2016-10-01",
            "id": 93
        },
        {
            "Name": "Jordan 1 Retro Fragment",
            "Sales": "158",
            "Retail_Price": "185",
            "Averge_Sale_Price": "2052",
            "Highest_Price": "3549",
            "Lowest_Price": "1236",
            "Release_Date": "2014-12-27",
            "id": 94
        },
        {
            "Name": "Jordan 8 Retro Doernbecher",
            "Sales": "127",
            "Retail_Price": "190",
            "Averge_Sale_Price": "660",
            "Highest_Price": "895",
            "Lowest_Price": "480",
            "Release_Date": "2014-11-23",
            "id": 95
        },
        {
            "Name": "Jordan 4 Retro Cool Grey",
            "Sales": "111",
            "Retail_Price": "100",
            "Averge_Sale_Price": "382",
            "Highest_Price": "538",
            "Lowest_Price": "195",
            "Release_Date": "2004-09-25",
            "id": 96
        },
        {
            "Name": "Jordan 4 Retro Doernbecher",
            "Sales": "108",
            "Retail_Price": "175",
            "Averge_Sale_Price": "1115",
            "Highest_Price": "1930",
            "Lowest_Price": "826",
            "Release_Date": "2011-11-08",
            "id": 97
        },
        {
            "Name": "Jordan 13 Retro He Got Game 2018 (GS)",
            "Sales": "4814",
            "Retail_Price": "140",
            "Averge_Sale_Price": "177",
            "Highest_Price": "274",
            "Lowest_Price": "111",
            "Release_Date": "2018-08-04",
            "id": 98
        },
        {
            "Name": "Jordan 1 Retro High Homage To Home Chicago (Numbered)",
            "Sales": "300",
            "Retail_Price": "160",
            "Averge_Sale_Price": "506",
            "Highest_Price": "999",
            "Lowest_Price": "250",
            "Release_Date": "2018-04-21",
            "id": 99
        },
        {
            "Name": "Jordan 5 Retro Doernbecher",
            "Sales": "87",
            "Retail_Price": "180",
            "Averge_Sale_Price": "817",
            "Highest_Price": "1100",
            "Lowest_Price": "516",
            "Release_Date": "2013-09-14",
            "id": 100
        },
        {
            "Name": "Jordan 3 Retro Doernbecher (2013)",
            "Sales": "54",
            "Retail_Price": "160",
            "Averge_Sale_Price": "576",
            "Highest_Price": "841",
            "Lowest_Price": "377",
            "Release_Date": "2013-07-20",
            "id": 101
        },
        {
            "Name": "Jordan 1 Retro Satin",
            "Sales": "54",
            "Retail_Price": "175",
            "Averge_Sale_Price": "1181",
            "Highest_Price": "1660",
            "Lowest_Price": "851",
            "Release_Date": "2017-04-01",
            "id": 102
        },
        {
            "Name": "Jordan 1 Retro High Camo 3M Bred",
            "Sales": "43",
            "Retail_Price": "145",
            "Averge_Sale_Price": "236",
            "Highest_Price": "500",
            "Lowest_Price": "150",
            "Release_Date": "2017-09-01",
            "id": 103
        },
        {
            "Name": "Jordan 11 Retro Concord DMP (2006)",
            "Sales": "38",
            "Retail_Price": "148",
            "Averge_Sale_Price": "536",
            "Highest_Price": "799",
            "Lowest_Price": "399",
            "Release_Date": "2006-01-28",
            "id": 104
        },
        {
            "Name": "Jordan 12 Retro OVO Black",
            "Sales": "243",
            "Retail_Price": "225",
            "Averge_Sale_Price": "371",
            "Highest_Price": "595",
            "Lowest_Price": "251",
            "Release_Date": "2017-02-18",
            "id": 105
        },
        {
            "Name": "Jordan 2 Retro Just Don Beach",
            "Sales": "160",
            "Retail_Price": "650",
            "Averge_Sale_Price": "486",
            "Highest_Price": "682",
            "Lowest_Price": "360",
            "Release_Date": "2016-01-30",
            "id": 106
        },
        {
            "Name": "Jordan 2 Retro Just Don Blue",
            "Sales": "118",
            "Retail_Price": "350",
            "Averge_Sale_Price": "626",
            "Highest_Price": "800",
            "Lowest_Price": "470",
            "Release_Date": "2015-01-31",
            "id": 107
        },
        {
            "Name": "Jordan 1 Retro Shadow (2013)",
            "Sales": "92",
            "Retail_Price": "140",
            "Averge_Sale_Price": "245",
            "Highest_Price": "356",
            "Lowest_Price": "150",
            "Release_Date": "2013-07-13",
            "id": 108
        },
        {
            "Name": "Jordan 10 Retro Doernbecher",
            "Sales": "86",
            "Retail_Price": "170",
            "Averge_Sale_Price": "254",
            "Highest_Price": "400",
            "Lowest_Price": "120",
            "Release_Date": "2013-11-23",
            "id": 109
        },
        {
            "Name": "Jordan 12 Retro PSNY Wheat",
            "Sales": "65",
            "Retail_Price": "300",
            "Averge_Sale_Price": "427",
            "Highest_Price": "700",
            "Lowest_Price": "266",
            "Release_Date": "2017-06-28",
            "id": 110
        },
        {
            "Name": "Jordan 4 Retro White Laser",
            "Sales": "51",
            "Retail_Price": "200",
            "Averge_Sale_Price": "372",
            "Highest_Price": "570",
            "Lowest_Price": "270",
            "Release_Date": "2005-05-14",
            "id": 111
        },
        {
            "Name": "Jordan 12 Retro PSNY Olive",
            "Sales": "47",
            "Retail_Price": "300",
            "Averge_Sale_Price": "496",
            "Highest_Price": "700",
            "Lowest_Price": "362",
            "Release_Date": "2017-06-28",
            "id": 112
        },
        {
            "Name": "Jordan 12 Retro PSNY Bordeaux",
            "Sales": "47",
            "Retail_Price": "300",
            "Averge_Sale_Price": "520",
            "Highest_Price": "1000",
            "Lowest_Price": "340",
            "Release_Date": "2017-06-28",
            "id": 113
        },
        {
            "Name": "Jordan 1 Retro Black Royal Blue (2001)",
            "Sales": "36",
            "Retail_Price": "100",
            "Averge_Sale_Price": "432",
            "Highest_Price": "600",
            "Lowest_Price": "303",
            "Release_Date": "2001-10-06",
            "id": 114
        },
        {
            "Name": "Jordan 13 Retro Premio Bin 23",
            "Sales": "30",
            "Retail_Price": "175",
            "Averge_Sale_Price": "1142",
            "Highest_Price": "1565",
            "Lowest_Price": "888",
            "Release_Date": "2010-08-21",
            "id": 115
        },
        {
            "Name": "Jordan 4 Retro Black Laser",
            "Sales": "21",
            "Retail_Price": "175",
            "Averge_Sale_Price": "703",
            "Highest_Price": "880",
            "Lowest_Price": "550",
            "Release_Date": "2005-08-20",
            "id": 116
        },
        {
            "Name": "Jordan 7 Retro Premio Bin 23",
            "Sales": "20",
            "Retail_Price": "175",
            "Averge_Sale_Price": "760",
            "Highest_Price": "1000",
            "Lowest_Price": "600",
            "Release_Date": "2010-11-26",
            "id": 117
        },
        {
            "Name": "Jordan 1 Retro Black Metallic Gold (2013)",
            "Sales": "17",
            "Retail_Price": "140",
            "Averge_Sale_Price": "1441",
            "Highest_Price": "2350",
            "Lowest_Price": "950",
            "Release_Date": "2013-04-13",
            "id": 118
        },
        {
            "Name": "Jordan 2 Retro Doernbecher Peacock",
            "Sales": "17",
            "Retail_Price": "140",
            "Averge_Sale_Price": "780",
            "Highest_Price": "1025",
            "Lowest_Price": "584",
            "Release_Date": "2007-11-09",
            "id": 119
        },
        {
            "Name": "Jordan 13 Retro Ray Allen PE",
            "Sales": "13",
            "Retail_Price": "175",
            "Averge_Sale_Price": "1524",
            "Highest_Price": "2101",
            "Lowest_Price": "1001",
            "Release_Date": "2011-07-23",
            "id": 120
        },
        {
            "Name": "Jordan 7 Retro Miro",
            "Sales": "11",
            "Retail_Price": "175",
            "Averge_Sale_Price": "1161",
            "Highest_Price": "1650",
            "Lowest_Price": "900",
            "Release_Date": "2008-07-03",
            "id": 121
        },
        {
            "Name": "Jordan 23 Finale",
            "Sales": "10",
            "Retail_Price": "230",
            "Averge_Sale_Price": "976",
            "Highest_Price": "1200",
            "Lowest_Price": "750",
            "Release_Date": "2008-12-23",
            "id": 122
        },
        {
            "Name": "Jordan 2 Retro Eminem (The Way I Am)",
            "Sales": "9",
            "Retail_Price": "110",
            "Averge_Sale_Price": "3249",
            "Highest_Price": "4999",
            "Lowest_Price": "2700",
            "Release_Date": "2008-12-18",
            "id": 123
        },
        {
            "Name": "Jordan 23 Titanium",
            "Sales": "7",
            "Retail_Price": "230",
            "Averge_Sale_Price": "754",
            "Highest_Price": "1200",
            "Lowest_Price": "400",
            "Release_Date": "2008-01-25",
            "id": 124
        },
        {
            "Name": "Jordan 1 Retro High OG Spike Lee Fort Greene",
            "Sales": "7",
            "Retail_Price": "300",
            "Averge_Sale_Price": "3122",
            "Highest_Price": "4000",
            "Lowest_Price": "1985",
            "Release_Date": "2017-06-16",
            "id": 125
        },
        {
            "Name": "Jordan 13 OG Flint (1997)",
            "Sales": "6",
            "Retail_Price": "150",
            "Averge_Sale_Price": "374",
            "Highest_Price": "524",
            "Lowest_Price": "300",
            "Release_Date": "1998-02-14",
            "id": 126
        },
        {
            "Name": "Jordan 4 Retro Oregon Ducks",
            "Sales": "6",
            "Retail_Price": "9999",
            "Averge_Sale_Price": "4850",
            "Highest_Price": "10500",
            "Lowest_Price": "2000",
            "Release_Date": "2012-01-01",
            "id": 127
        },
        {
            "Name": "Jordan 3 Retro Oregon Ducks Pit Crew Black",
            "Sales": "5",
            "Retail_Price": "9999",
            "Averge_Sale_Price": "3874",
            "Highest_Price": "4300",
            "Lowest_Price": "3275",
            "Release_Date": "2011-10-11",
            "id": 128
        },
        {
            "Name": "Jordan 10 OG Sacramento Kings",
            "Sales": "3",
            "Retail_Price": "125",
            "Averge_Sale_Price": "528",
            "Highest_Price": "800",
            "Lowest_Price": "275",
            "Release_Date": "1995-06-01",
            "id": 129
        },
        {
            "Name": "Jordan 4 Retro Eminem Carhartt",
            "Sales": "3",
            "Retail_Price": "9999",
            "Averge_Sale_Price": "8833",
            "Highest_Price": "10500",
            "Lowest_Price": "7000",
            "Release_Date": "2015-11-23",
            "id": 130
        },
        {
            "Name": "Jordan 1 OG Chicago (1985)",
            "Sales": "2",
            "Retail_Price": "65",
            "Averge_Sale_Price": "4000",
            "Highest_Price": "10500",
            "Lowest_Price": "2250",
            "Release_Date": "1985-09-16",
            "id": 131
        },
        {
            "Name": "Jordan 1 Retro High Black Gym Red",
            "Sales": "12365",
            "Retail_Price": "160",
            "Averge_Sale_Price": "258",
            "Highest_Price": "450",
            "Lowest_Price": "131",
            "Release_Date": "2019-06-29",
            "id": 132
        },
        {
            "Name": "Jordan 1 Retro High Black Gym Red (GS)",
            "Sales": "4627",
            "Retail_Price": "120",
            "Averge_Sale_Price": "192",
            "Highest_Price": "338",
            "Lowest_Price": "130",
            "Release_Date": "2019-06-29",
            "id": 133
        },
        {
            "Name": "Jordan 5 Retro Michigan (2019)",
            "Sales": "351",
            "Retail_Price": "225",
            "Averge_Sale_Price": "331",
            "Highest_Price": "650",
            "Lowest_Price": "270",
            "Release_Date": "2019-07-06",
            "id": 134
        },
        {
            "Name": "Jordan 1 Retro High OG Defiant SB LA to Chicago",
            "Sales": "9861",
            "Retail_Price": "175",
            "Averge_Sale_Price": "386",
            "Highest_Price": "1001",
            "Lowest_Price": "230",
            "Release_Date": "2019-05-25",
            "id": 135
        },
        {
            "Name": "Jordan 1 Retro High OG Defiant SB NYC to Paris",
            "Sales": "8731",
            "Retail_Price": "175",
            "Averge_Sale_Price": "218",
            "Highest_Price": "780",
            "Lowest_Price": "130",
            "Release_Date": "2019-05-25",
            "id": 136
        },
        {
            "Name": "Jordan 1 Mid Yellow Toe Black",
            "Sales": "1950",
            "Retail_Price": "120",
            "Averge_Sale_Price": "150",
            "Highest_Price": "227",
            "Lowest_Price": "104",
            "Release_Date": "2019-06-19",
            "id": 137
        },
        {
            "Name": "Jordan 14 Retro Ferrari University Gold",
            "Sales": "1836",
            "Retail_Price": "200",
            "Averge_Sale_Price": "221",
            "Highest_Price": "500",
            "Lowest_Price": "135",
            "Release_Date": "2019-06-22",
            "id": 138
        },
        {
            "Name": "Jordan 4 Retro Raptors Drake OVO (2019)",
            "Sales": "6660",
            "Retail_Price": "200",
            "Averge_Sale_Price": "295",
            "Highest_Price": "450",
            "Lowest_Price": "185",
            "Release_Date": "2019-06-02",
            "id": 139
        },
        {
            "Name": "Jordan 1 Retro High Pine Green",
            "Sales": "22564",
            "Retail_Price": "160",
            "Averge_Sale_Price": "258",
            "Highest_Price": "500",
            "Lowest_Price": "130",
            "Release_Date": "2018-09-22",
            "id": 140
        },
        {
            "Name": "Jordan 14 Retro Supreme White",
            "Sales": "1460",
            "Retail_Price": "248",
            "Averge_Sale_Price": "307",
            "Highest_Price": "600",
            "Lowest_Price": "255",
            "Release_Date": "2019-06-13",
            "id": 141
        },
        {
            "Name": "Jordan 1 Retro High Black Crimson Tint (GS)",
            "Sales": "13487",
            "Retail_Price": "120",
            "Averge_Sale_Price": "181",
            "Highest_Price": "340",
            "Lowest_Price": "107",
            "Release_Date": "2019-04-12",
            "id": 142
        },
        {
            "Name": "Jordan Legacy 312 White Black Pink Foam (GS)",
            "Sales": "547",
            "Retail_Price": "110",
            "Averge_Sale_Price": "126",
            "Highest_Price": "200",
            "Lowest_Price": "66",
            "Release_Date": "2019-02-01",
            "id": 143
        },
        {
            "Name": "Jordan 1 Retro High Season of Her Mint Foam (W)",
            "Sales": "276",
            "Retail_Price": "160",
            "Averge_Sale_Price": "82",
            "Highest_Price": "176",
            "Lowest_Price": "55",
            "Release_Date": "2018-01-25",
            "id": 144
        },
        {
            "Name": "Jordan 1 Mid Quai54 (2019)",
            "Sales": "915",
            "Retail_Price": "115",
            "Averge_Sale_Price": "196",
            "Highest_Price": "313",
            "Lowest_Price": "121",
            "Release_Date": "2019-06-08",
            "id": 145
        },
        {
            "Name": "Jordan 11 Retro Low Snake Light Bone",
            "Sales": "1366",
            "Retail_Price": "185",
            "Averge_Sale_Price": "168",
            "Highest_Price": "300",
            "Lowest_Price": "100",
            "Release_Date": "2019-05-18",
            "id": 146
        },
        {
            "Name": "Jordan Legacy 312 Olympic (GS)",
            "Sales": "102",
            "Retail_Price": "110",
            "Averge_Sale_Price": "66",
            "Highest_Price": "150",
            "Lowest_Price": "50",
            "Release_Date": "2019-02-01",
            "id": 147
        },
        {
            "Name": "Jordan 1 Retro High Bio Beige Anthracite Mystic Green (W)",
            "Sales": "554",
            "Retail_Price": "145",
            "Averge_Sale_Price": "162",
            "Highest_Price": "258",
            "Lowest_Price": "114",
            "Release_Date": "2019-06-01",
            "id": 148
        },
        {
            "Name": "Jordan 4 Retro Bred 2019 (GS)",
            "Sales": "2613",
            "Retail_Price": "140",
            "Averge_Sale_Price": "144",
            "Highest_Price": "203",
            "Lowest_Price": "100",
            "Release_Date": "2019-05-04",
            "id": 149
        },
        {
            "Name": "Jordan 5 Retro JSP Laney Varsity Royal",
            "Sales": "1910",
            "Retail_Price": "200",
            "Averge_Sale_Price": "160",
            "Highest_Price": "324",
            "Lowest_Price": "78",
            "Release_Date": "2019-02-02",
            "id": 150
        },
        {
            "Name": "Jordan 1 Mid All Over Logos",
            "Sales": "1085",
            "Retail_Price": "110",
            "Averge_Sale_Price": "120",
            "Highest_Price": "200",
            "Lowest_Price": "70",
            "Release_Date": "2019-05-01",
            "id": 151
        },
        {
            "Name": "Jordan 14 Retro Supreme Black",
            "Sales": "570",
            "Retail_Price": "150",
            "Averge_Sale_Price": "293",
            "Highest_Price": "450",
            "Lowest_Price": "215",
            "Release_Date": "2019-06-13",
            "id": 152
        },
        {
            "Name": "Jordan 1 Retro High Phantom Gym Red (GS)",
            "Sales": "2865",
            "Retail_Price": "120",
            "Averge_Sale_Price": "155",
            "Highest_Price": "320",
            "Lowest_Price": "107",
            "Release_Date": "2019-03-30",
            "id": 153
        },
        {
            "Name": "Jordan 11 Retro Low Snake Light Bone (GS)",
            "Sales": "476",
            "Retail_Price": "135",
            "Averge_Sale_Price": "125",
            "Highest_Price": "209",
            "Lowest_Price": "88",
            "Release_Date": "2019-05-18",
            "id": 154
        },
        {
            "Name": "Jordan 4 Retro White Cement (2016)",
            "Sales": "2902",
            "Retail_Price": "220",
            "Averge_Sale_Price": "331",
            "Highest_Price": "510",
            "Lowest_Price": "210",
            "Release_Date": "2016-02-13",
            "id": 155
        },
        {
            "Name": "Jordan 13 Retro Cap and Gown",
            "Sales": "2124",
            "Retail_Price": "200",
            "Averge_Sale_Price": "172",
            "Highest_Price": "450",
            "Lowest_Price": "100",
            "Release_Date": "2019-04-27",
            "id": 156
        },
        {
            "Name": "Jordan 1 Mid White Black Gym Red",
            "Sales": "427",
            "Retail_Price": "110",
            "Averge_Sale_Price": "97",
            "Highest_Price": "150",
            "Lowest_Price": "65",
            "Release_Date": "2002-05-01",
            "id": 157
        },
        {
            "Name": "Jordan 11 Retro Cap and Gown",
            "Sales": "4647",
            "Retail_Price": "250",
            "Averge_Sale_Price": "310",
            "Highest_Price": "575",
            "Lowest_Price": "226",
            "Release_Date": "2018-05-26",
            "id": 158
        },
        {
            "Name": "Jordan 9 Retro Bred Patent",
            "Sales": "2152",
            "Retail_Price": "190",
            "Averge_Sale_Price": "216",
            "Highest_Price": "355",
            "Lowest_Price": "148",
            "Release_Date": "2018-03-10",
            "id": 159
        },
        {
            "Name": "Jordan 1 Mid Crimson Tint",
            "Sales": "1459",
            "Retail_Price": "120",
            "Averge_Sale_Price": "154",
            "Highest_Price": "399",
            "Lowest_Price": "78",
            "Release_Date": "2019-04-01",
            "id": 160
        },
        {
            "Name": "Jordan 7 Retro Ray Allen Bucks",
            "Sales": "1127",
            "Retail_Price": "190",
            "Averge_Sale_Price": "162",
            "Highest_Price": "300",
            "Lowest_Price": "100",
            "Release_Date": "2019-06-01",
            "id": 161
        },
        {
            "Name": "Jordan 6 Retro Reflections of a Champion",
            "Sales": "823",
            "Retail_Price": "225",
            "Averge_Sale_Price": "214",
            "Highest_Price": "390",
            "Lowest_Price": "162",
            "Release_Date": "2019-06-08",
            "id": 162
        },
        {
            "Name": "Jordan 11 Retro 72-10",
            "Sales": "3128",
            "Retail_Price": "220",
            "Averge_Sale_Price": "277",
            "Highest_Price": "419",
            "Lowest_Price": "206",
            "Release_Date": "2015-12-12",
            "id": 163
        },
        {
            "Name": "Jordan 11 Retro Platinum Tint",
            "Sales": "6884",
            "Retail_Price": "220",
            "Averge_Sale_Price": "197",
            "Highest_Price": "500",
            "Lowest_Price": "135",
            "Release_Date": "2018-10-27",
            "id": 164
        },
        {
            "Name": "Jordan 12 Retro Gym Red (2018)",
            "Sales": "5710",
            "Retail_Price": "190",
            "Averge_Sale_Price": "197",
            "Highest_Price": "450",
            "Lowest_Price": "130",
            "Release_Date": "2018-11-24",
            "id": 165
        },
        {
            "Name": "Jordan 1 Mid White Black",
            "Sales": "3860",
            "Retail_Price": "110",
            "Averge_Sale_Price": "139",
            "Highest_Price": "309",
            "Lowest_Price": "65",
            "Release_Date": "2018-11-01",
            "id": 166
        },
        {
            "Name": "Jordan 1 Retro High SoleFly Art Basel Sail",
            "Sales": "783",
            "Retail_Price": "160",
            "Averge_Sale_Price": "1392",
            "Highest_Price": "3500",
            "Lowest_Price": "600",
            "Release_Date": "2018-12-08",
            "id": 167
        },
        {
            "Name": "Jordan 1 Retro High Court Purple",
            "Sales": "12777",
            "Retail_Price": "160",
            "Averge_Sale_Price": "328",
            "Highest_Price": "2000",
            "Lowest_Price": "181",
            "Release_Date": "2018-09-22",
            "id": 168
        },
        {
            "Name": "Jordan 11 Retro Low University Blue (2017)",
            "Sales": "1720",
            "Retail_Price": "175",
            "Averge_Sale_Price": "194",
            "Highest_Price": "375",
            "Lowest_Price": "137",
            "Release_Date": "2017-04-15",
            "id": 169
        },
        {
            "Name": "Jordan 1 Mid Coral Gold",
            "Sales": "67",
            "Retail_Price": "120",
            "Averge_Sale_Price": "122",
            "Highest_Price": "200",
            "Lowest_Price": "97",
            "Release_Date": "2019-07-01",
            "id": 170
        },
        {
            "Name": "Jordan 3 Retro Mocha (2018)",
            "Sales": "3389",
            "Retail_Price": "190",
            "Averge_Sale_Price": "160",
            "Highest_Price": "339",
            "Lowest_Price": "100",
            "Release_Date": "2018-12-15",
            "id": 171
        },
        {
            "Name": "Jordan 5 Retro Paris Saint-Germain",
            "Sales": "4327",
            "Retail_Price": "225",
            "Averge_Sale_Price": "251",
            "Highest_Price": "525",
            "Lowest_Price": "131",
            "Release_Date": "2018-09-14",
            "id": 172
        },
        {
            "Name": "Jordan 5 Retro Trophy Room Ice Blue",
            "Sales": "3379",
            "Retail_Price": "200",
            "Averge_Sale_Price": "582",
            "Highest_Price": "2000",
            "Lowest_Price": "351",
            "Release_Date": "2019-05-18",
            "id": 173
        },
        {
            "Name": "Jordan 5 Retro Grape Fresh Prince",
            "Sales": "3185",
            "Retail_Price": "190",
            "Averge_Sale_Price": "229",
            "Highest_Price": "600",
            "Lowest_Price": "132",
            "Release_Date": "2018-09-25",
            "id": 174
        },
        {
            "Name": "Jordan 3 Retro Chlorophyll",
            "Sales": "2924",
            "Retail_Price": "190",
            "Averge_Sale_Price": "128",
            "Highest_Price": "260",
            "Lowest_Price": "80",
            "Release_Date": "2018-11-10",
            "id": 175
        },
        {
            "Name": "Jordan 4 Retro Tattoo (2018)",
            "Sales": "2430",
            "Retail_Price": "225",
            "Averge_Sale_Price": "206",
            "Highest_Price": "400",
            "Lowest_Price": "110",
            "Release_Date": "2018-12-29",
            "id": 176
        },
        {
            "Name": "Jordan 3 Retro Free Throw Line White Cement",
            "Sales": "1196",
            "Retail_Price": "200",
            "Averge_Sale_Price": "347",
            "Highest_Price": "562",
            "Lowest_Price": "251",
            "Release_Date": "2018-02-14",
            "id": 177
        },
        {
            "Name": "Jordan 1 Mid Gunsmoke Volt",
            "Sales": "48",
            "Retail_Price": "110",
            "Averge_Sale_Price": "107",
            "Highest_Price": "140",
            "Lowest_Price": "80",
            "Release_Date": "2019-07-01",
            "id": 178
        },
        {
            "Name": "Jordan 4 Retro Motorsports (2017)",
            "Sales": "1413",
            "Retail_Price": "190",
            "Averge_Sale_Price": "213",
            "Highest_Price": "359",
            "Lowest_Price": "70",
            "Release_Date": "2017-03-26",
            "id": 179
        },
        {
            "Name": "Jordan 9 Retro Pearl Blue",
            "Sales": "3325",
            "Retail_Price": "190",
            "Averge_Sale_Price": "174",
            "Highest_Price": "350",
            "Lowest_Price": "100",
            "Release_Date": "2019-02-09",
            "id": 180
        },
        {
            "Name": "Jordan 5 Retro Satin Bred",
            "Sales": "2995",
            "Retail_Price": "190",
            "Averge_Sale_Price": "165",
            "Highest_Price": "400",
            "Lowest_Price": "90",
            "Release_Date": "2018-11-03",
            "id": 181
        },
        {
            "Name": "Jordan 1 Retro High Aleali May Court Lux (W)",
            "Sales": "2751",
            "Retail_Price": "160",
            "Averge_Sale_Price": "205",
            "Highest_Price": "499",
            "Lowest_Price": "123",
            "Release_Date": "2018-12-22",
            "id": 182
        },
        {
            "Name": "Jordan 12 Retro Flu Game (2016)",
            "Sales": "2044",
            "Retail_Price": "190",
            "Averge_Sale_Price": "277",
            "Highest_Price": "455",
            "Lowest_Price": "30",
            "Release_Date": "2016-05-28",
            "id": 183
        },
        {
            "Name": "Jordan 11 Retro Low Pink Snakeskin (W) (2019)",
            "Sales": "1700",
            "Retail_Price": "185",
            "Averge_Sale_Price": "180",
            "Highest_Price": "330",
            "Lowest_Price": "112",
            "Release_Date": "2019-05-07",
            "id": 184
        },
        {
            "Name": "Jordan 4 Retro Flyknit Red",
            "Sales": "410",
            "Retail_Price": "220",
            "Averge_Sale_Price": "183",
            "Highest_Price": "370",
            "Lowest_Price": "127",
            "Release_Date": "2019-06-14",
            "id": 185
        },
        {
            "Name": "Jordan 3 Retro Hall of Fame",
            "Sales": "4015",
            "Retail_Price": "190",
            "Averge_Sale_Price": "209",
            "Highest_Price": "385",
            "Lowest_Price": "150",
            "Release_Date": "2018-05-12",
            "id": 186
        },
        {
            "Name": "Jordan 13 Retro Atmosphere Grey",
            "Sales": "2380",
            "Retail_Price": "190",
            "Averge_Sale_Price": "161",
            "Highest_Price": "450",
            "Lowest_Price": "106",
            "Release_Date": "2019-03-23",
            "id": 187
        },
        {
            "Name": "Jordan 1 Retro High Bred Toe (GS)",
            "Sales": "2061",
            "Retail_Price": "120",
            "Averge_Sale_Price": "356",
            "Highest_Price": "550",
            "Lowest_Price": "200",
            "Release_Date": "2018-02-24",
            "id": 188
        },
        {
            "Name": "Jordan 4 Retro Royalty",
            "Sales": "1291",
            "Retail_Price": "190",
            "Averge_Sale_Price": "252",
            "Highest_Price": "450",
            "Lowest_Price": "150",
            "Release_Date": "2017-02-04",
            "id": 189
        },
        {
            "Name": "Jordan 1 Retro High SP Gina (Special Box)",
            "Sales": "851",
            "Retail_Price": "180",
            "Averge_Sale_Price": "271",
            "Highest_Price": "600",
            "Lowest_Price": "207",
            "Release_Date": "2019-05-25",
            "id": 190
        },
        {
            "Name": "Jordan 1 Mid Gym Red Black",
            "Sales": "4504",
            "Retail_Price": "110",
            "Averge_Sale_Price": "129",
            "Highest_Price": "350",
            "Lowest_Price": "66",
            "Release_Date": "2018-06-01",
            "id": 191
        },
        {
            "Name": "Jordan 4 Retro Laser Black Gum",
            "Sales": "4195",
            "Retail_Price": "200",
            "Averge_Sale_Price": "157",
            "Highest_Price": "350",
            "Lowest_Price": "101",
            "Release_Date": "2018-01-19",
            "id": 192
        },
        {
            "Name": "Jordan 1 Mid Top 3",
            "Sales": "2767",
            "Retail_Price": "110",
            "Averge_Sale_Price": "126",
            "Highest_Price": "286",
            "Lowest_Price": "70",
            "Release_Date": "2019-01-01",
            "id": 193
        },
        {
            "Name": "Jordan 13 Retro Low Clot Sepia Stone",
            "Sales": "2715",
            "Retail_Price": "200",
            "Averge_Sale_Price": "356",
            "Highest_Price": "675",
            "Lowest_Price": "228",
            "Release_Date": "2018-12-13",
            "id": 194
        },
        {
            "Name": "Jordan 6 Retro Social Status",
            "Sales": "2188",
            "Retail_Price": "250",
            "Averge_Sale_Price": "207",
            "Highest_Price": "946",
            "Lowest_Price": "110",
            "Release_Date": "2019-02-21",
            "id": 195
        },
        {
            "Name": "Jordan 6 Retro Flight Nostalgia",
            "Sales": "1928",
            "Retail_Price": "190",
            "Averge_Sale_Price": "141",
            "Highest_Price": "220",
            "Lowest_Price": "80",
            "Release_Date": "2019-01-12",
            "id": 196
        },
        {
            "Name": "Jordan 1 Low Black Toe (GS)",
            "Sales": "656",
            "Retail_Price": "75",
            "Averge_Sale_Price": "84",
            "Highest_Price": "165",
            "Lowest_Price": "49",
            "Release_Date": "2019-04-01",
            "id": 197
        },
        {
            "Name": "Jordan 11 Retro Low Golf No Denim Allowed",
            "Sales": "198",
            "Retail_Price": "200",
            "Averge_Sale_Price": "350",
            "Highest_Price": "639",
            "Lowest_Price": "227",
            "Release_Date": "2019-06-14",
            "id": 198
        },
        {
            "Name": "Jordan Hydro 6 Retro Black Infrared 23",
            "Sales": "72",
            "Retail_Price": "52",
            "Averge_Sale_Price": "49",
            "Highest_Price": "100",
            "Lowest_Price": "35",
            "Release_Date": "2019-02-01",
            "id": 199
        },
        {
            "Name": "Jordan 1 Retro High Shadow 2018 (GS)",
            "Sales": "4450",
            "Retail_Price": "120",
            "Averge_Sale_Price": "182",
            "Highest_Price": "300",
            "Lowest_Price": "80",
            "Release_Date": "2018-04-14",
            "id": 200
        },
        {
            "Name": "Jordan 11 Retro Low Derek Jeter RE2PECT",
            "Sales": "2391",
            "Retail_Price": "200",
            "Averge_Sale_Price": "184",
            "Highest_Price": "300",
            "Lowest_Price": "141",
            "Release_Date": "2018-07-18",
            "id": 201
        },
        {
            "Name": "Jordan 5 Retro Black Metallic (2016)",
            "Sales": "1850",
            "Retail_Price": "220",
            "Averge_Sale_Price": "249",
            "Highest_Price": "320",
            "Lowest_Price": "140",
            "Release_Date": "2016-07-23",
            "id": 202
        },
        {
            "Name": "Jordan 8 Retro South Beach",
            "Sales": "1396",
            "Retail_Price": "190",
            "Averge_Sale_Price": "161",
            "Highest_Price": "256",
            "Lowest_Price": "115",
            "Release_Date": "2018-10-13",
            "id": 203
        },
        {
            "Name": "Jordan Legacy 312 Rookie of the Year",
            "Sales": "921",
            "Retail_Price": "150",
            "Averge_Sale_Price": "99",
            "Highest_Price": "180",
            "Lowest_Price": "56",
            "Release_Date": "2018-11-01",
            "id": 204
        },
        {
            "Name": "Jordan 11 Retro Low Snake Navy 2019 (GS)",
            "Sales": "869",
            "Retail_Price": "135",
            "Averge_Sale_Price": "129",
            "Highest_Price": "190",
            "Lowest_Price": "97",
            "Release_Date": "2019-04-19",
            "id": 205
        },
        {
            "Name": "Jordan 14 Retro Ferrari University Gold (GS)",
            "Sales": "173",
            "Retail_Price": "150",
            "Averge_Sale_Price": "147",
            "Highest_Price": "245",
            "Lowest_Price": "80",
            "Release_Date": "2019-06-22",
            "id": 206
        },
        {
            "Name": "Jordan 3 Retro Black Cement 2018 (GS)",
            "Sales": "2101",
            "Retail_Price": "140",
            "Averge_Sale_Price": "114",
            "Highest_Price": "190",
            "Lowest_Price": "70",
            "Release_Date": "2018-02-17",
            "id": 207
        },
        {
            "Name": "Jordan 1 Retro Chicago (2015)",
            "Sales": "916",
            "Retail_Price": "160",
            "Averge_Sale_Price": "718",
            "Highest_Price": "1100",
            "Lowest_Price": "398",
            "Release_Date": "2015-05-30",
            "id": 208
        },
        {
            "Name": "Jordan 13 Retro Black Cat",
            "Sales": "645",
            "Retail_Price": "190",
            "Averge_Sale_Price": "227",
            "Highest_Price": "309",
            "Lowest_Price": "121",
            "Release_Date": "2017-01-21",
            "id": 209
        },
        {
            "Name": "Jordan 6 Retro Alternate Hare",
            "Sales": "587",
            "Retail_Price": "190",
            "Averge_Sale_Price": "205",
            "Highest_Price": "400",
            "Lowest_Price": "100",
            "Release_Date": "2017-03-11",
            "id": 210
        },
        {
            "Name": "Jordan 7 Retro Reflections of a Champion",
            "Sales": "563",
            "Retail_Price": "225",
            "Averge_Sale_Price": "171",
            "Highest_Price": "350",
            "Lowest_Price": "111",
            "Release_Date": "2019-06-08",
            "id": 211
        },
        {
            "Name": "Jordan 7 Retro Topaz Mist (GS)",
            "Sales": "398",
            "Retail_Price": "140",
            "Averge_Sale_Price": "124",
            "Highest_Price": "184",
            "Lowest_Price": "80",
            "Release_Date": "2019-05-18",
            "id": 212
        },
        {
            "Name": "Jordan 1 Retro High Hyper Royal (GS)",
            "Sales": "295",
            "Retail_Price": "120",
            "Averge_Sale_Price": "67",
            "Highest_Price": "122",
            "Lowest_Price": "39",
            "Release_Date": "2018-07-07",
            "id": 213
        },
        {
            "Name": "Jordan 1 Low Lakers Top 3",
            "Sales": "204",
            "Retail_Price": "90",
            "Averge_Sale_Price": "90",
            "Highest_Price": "111",
            "Lowest_Price": "70",
            "Release_Date": "2019-06-20",
            "id": 214
        },
        {
            "Name": "Jordan 13 Retro Carmelo Anthony Class Of 2002 (B-Grade)",
            "Sales": "5714",
            "Retail_Price": "190",
            "Averge_Sale_Price": "131",
            "Highest_Price": "230",
            "Lowest_Price": "90",
            "Release_Date": "2018-09-15",
            "id": 215
        },
        {
            "Name": "Jordan 1 Retro High Paris Saint Germain",
            "Sales": "2374",
            "Retail_Price": "160",
            "Averge_Sale_Price": "163",
            "Highest_Price": "500",
            "Lowest_Price": "99",
            "Release_Date": "2018-11-06",
            "id": 216
        },
        {
            "Name": "Jordan 1 Mid Black Cone",
            "Sales": "1780",
            "Retail_Price": "110",
            "Averge_Sale_Price": "109",
            "Highest_Price": "223",
            "Lowest_Price": "44",
            "Release_Date": "2018-09-15",
            "id": 217
        },
        {
            "Name": "Jordan 1 Retro High Guava Ice",
            "Sales": "1707",
            "Retail_Price": "160",
            "Averge_Sale_Price": "105",
            "Highest_Price": "301",
            "Lowest_Price": "60",
            "Release_Date": "2018-09-01",
            "id": 218
        },
        {
            "Name": "Jordan 11 Retro Low Closing Ceremony",
            "Sales": "1248",
            "Retail_Price": "170",
            "Averge_Sale_Price": "197",
            "Highest_Price": "375",
            "Lowest_Price": "120",
            "Release_Date": "2016-08-27",
            "id": 219
        },
        {
            "Name": "Jordan 4 Retro Flight Nostalgia (GS)",
            "Sales": "1104",
            "Retail_Price": "140",
            "Averge_Sale_Price": "132",
            "Highest_Price": "199",
            "Lowest_Price": "86",
            "Release_Date": "2019-03-02",
            "id": 220
        },
        {
            "Name": "Jordan 7 Retro Hare (2015)",
            "Sales": "998",
            "Retail_Price": "190",
            "Averge_Sale_Price": "195",
            "Highest_Price": "319",
            "Lowest_Price": "120",
            "Release_Date": "2015-05-16",
            "id": 221
        },
        {
            "Name": "Jordan 6 Retro Diffused Blue",
            "Sales": "821",
            "Retail_Price": "190",
            "Averge_Sale_Price": "174",
            "Highest_Price": "515",
            "Lowest_Price": "111",
            "Release_Date": "2018-12-22",
            "id": 222
        },
        {
            "Name": "Jordan 8 Retro Reflections of a Champion",
            "Sales": "572",
            "Retail_Price": "225",
            "Averge_Sale_Price": "203",
            "Highest_Price": "375",
            "Lowest_Price": "136",
            "Release_Date": "2019-06-08",
            "id": 223
        },
        {
            "Name": "Jordan 1 Retro High Sports Illustrated (A Star Is Born) (GS)",
            "Sales": "5652",
            "Retail_Price": "120",
            "Averge_Sale_Price": "157",
            "Highest_Price": "249",
            "Lowest_Price": "98",
            "Release_Date": "2018-12-27",
            "id": 224
        },
        {
            "Name": "Jordan 11 Retro Concord 2018 (GS)",
            "Sales": "4527",
            "Retail_Price": "170",
            "Averge_Sale_Price": "187",
            "Highest_Price": "249",
            "Lowest_Price": "125",
            "Release_Date": "2018-12-08",
            "id": 225
        },
        {
            "Name": "Jordan 1 Mid Team Orange Black",
            "Sales": "2929",
            "Retail_Price": "120",
            "Averge_Sale_Price": "147",
            "Highest_Price": "225",
            "Lowest_Price": "40",
            "Release_Date": "2018-12-18",
            "id": 226
        },
        {
            "Name": "Jordan 14 Retro Last Shot (2018)",
            "Sales": "1871",
            "Retail_Price": "190",
            "Averge_Sale_Price": "180",
            "Highest_Price": "269",
            "Lowest_Price": "80",
            "Release_Date": "2018-06-14",
            "id": 227
        },
        {
            "Name": "Jordan 1 Retro High Spider-Man Origin Story (TD)",
            "Sales": "1756",
            "Retail_Price": "50",
            "Averge_Sale_Price": "74",
            "Highest_Price": "150",
            "Lowest_Price": "50",
            "Release_Date": "2018-12-14",
            "id": 228
        },
        {
            "Name": "Jordan XXXIII Future of Flight",
            "Sales": "1651",
            "Retail_Price": "175",
            "Averge_Sale_Price": "193",
            "Highest_Price": "450",
            "Lowest_Price": "121",
            "Release_Date": "2018-10-18",
            "id": 229
        },
        {
            "Name": "Jordan 4 Retro Hot Punch (W)",
            "Sales": "1455",
            "Retail_Price": "190",
            "Averge_Sale_Price": "165",
            "Highest_Price": "250",
            "Lowest_Price": "101",
            "Release_Date": "2018-01-19",
            "id": 230
        },
        {
            "Name": "Jordan 11 Retro Low Bred",
            "Sales": "892",
            "Retail_Price": "170",
            "Averge_Sale_Price": "282",
            "Highest_Price": "435",
            "Lowest_Price": "190",
            "Release_Date": "2015-05-23",
            "id": 231
        },
        {
            "Name": "Jordan 5 Retro Blue Suede",
            "Sales": "870",
            "Retail_Price": "190",
            "Averge_Sale_Price": "185",
            "Highest_Price": "299",
            "Lowest_Price": "60",
            "Release_Date": "2017-09-30",
            "id": 232
        },
        {
            "Name": "Jordan 12 Retro Black Metallic Gold White (W)",
            "Sales": "584",
            "Retail_Price": "190",
            "Averge_Sale_Price": "194",
            "Highest_Price": "319",
            "Lowest_Price": "90",
            "Release_Date": "2019-05-17",
            "id": 233
        },
        {
            "Name": "Jordan 12 Retro Taxi (2013)",
            "Sales": "553",
            "Retail_Price": "170",
            "Averge_Sale_Price": "343",
            "Highest_Price": "800",
            "Lowest_Price": "186",
            "Release_Date": "2013-12-14",
            "id": 234
        },
        {
            "Name": "Jordan Proto Max 720 Gym Red Black",
            "Sales": "407",
            "Retail_Price": "200",
            "Averge_Sale_Price": "159",
            "Highest_Price": "304",
            "Lowest_Price": "85",
            "Release_Date": "2019-03-21",
            "id": 235
        },
        {
            "Name": "Jordan 1 Retro High Twist (Special Box) (W)",
            "Sales": "254",
            "Retail_Price": "160",
            "Averge_Sale_Price": "176",
            "Highest_Price": "270",
            "Lowest_Price": "129",
            "Release_Date": "2019-05-02",
            "id": 236
        },
        {
            "Name": "Jordan Legacy 312 Desert Camo (GS)",
            "Sales": "117",
            "Retail_Price": "110",
            "Averge_Sale_Price": "102",
            "Highest_Price": "150",
            "Lowest_Price": "65",
            "Release_Date": "2019-01-01",
            "id": 237
        },
        {
            "Name": "Jordan 1 Mid Pine Green",
            "Sales": "4827",
            "Retail_Price": "120",
            "Averge_Sale_Price": "142",
            "Highest_Price": "250",
            "Lowest_Price": "66",
            "Release_Date": "2018-12-18",
            "id": 238
        },
        {
            "Name": "Jordan 10 Retro Orlando",
            "Sales": "2645",
            "Retail_Price": "190",
            "Averge_Sale_Price": "142",
            "Highest_Price": "270",
            "Lowest_Price": "98",
            "Release_Date": "2018-12-01",
            "id": 239
        },
        {
            "Name": "Jordan 1 Retro Black Toe (2016)",
            "Sales": "1283",
            "Retail_Price": "160",
            "Averge_Sale_Price": "496",
            "Highest_Price": "870",
            "Lowest_Price": "200",
            "Release_Date": "2016-11-05",
            "id": 240
        },
        {
            "Name": "Jordan 6 Retro Maroon (2015)",
            "Sales": "1200",
            "Retail_Price": "220",
            "Averge_Sale_Price": "204",
            "Highest_Price": "360",
            "Lowest_Price": "100",
            "Release_Date": "2015-12-05",
            "id": 241
        },
        {
            "Name": "Jordan 6 Retro Wheat",
            "Sales": "1181",
            "Retail_Price": "190",
            "Averge_Sale_Price": "139",
            "Highest_Price": "349",
            "Lowest_Price": "99",
            "Release_Date": "2017-11-24",
            "id": 242
        },
        {
            "Name": "Jordan 8 Retro Aqua (2015)",
            "Sales": "1145",
            "Retail_Price": "190",
            "Averge_Sale_Price": "208",
            "Highest_Price": "310",
            "Lowest_Price": "75",
            "Release_Date": "2015-11-27",
            "id": 243
        },
        {
            "Name": "Jordan 13 Retro OG Chicago (2017)",
            "Sales": "1120",
            "Retail_Price": "190",
            "Averge_Sale_Price": "186",
            "Highest_Price": "249",
            "Lowest_Price": "110",
            "Release_Date": "2017-02-18",
            "id": 244
        },
        {
            "Name": "Jordan 6 Retro Carmine (2014)",
            "Sales": "1113",
            "Retail_Price": "170",
            "Averge_Sale_Price": "274",
            "Highest_Price": "450",
            "Lowest_Price": "170",
            "Release_Date": "2014-05-24",
            "id": 245
        },
        {
            "Name": "Jordan 11 Retro Low Cherry (2016)",
            "Sales": "953",
            "Retail_Price": "170",
            "Averge_Sale_Price": "228",
            "Highest_Price": "314",
            "Lowest_Price": "157",
            "Release_Date": "2016-06-04",
            "id": 246
        },
        {
            "Name": "Jordan 4 Retro Oreo (2015)",
            "Sales": "896",
            "Retail_Price": "190",
            "Averge_Sale_Price": "209",
            "Highest_Price": "400",
            "Lowest_Price": "140",
            "Release_Date": "2015-02-21",
            "id": 247
        },
        {
            "Name": "Jordan 1 Mid Triple Black (2018)",
            "Sales": "848",
            "Retail_Price": "110",
            "Averge_Sale_Price": "75",
            "Highest_Price": "160",
            "Lowest_Price": "46",
            "Release_Date": "2018-03-16",
            "id": 248
        },
        {
            "Name": "Jordan Legacy 312 Low Bred Cement",
            "Sales": "580",
            "Retail_Price": "140",
            "Averge_Sale_Price": "129",
            "Highest_Price": "250",
            "Lowest_Price": "72",
            "Release_Date": "2019-01-03",
            "id": 249
        },
        {
            "Name": "Jordan 1 Low White Black Mystic Green",
            "Sales": "581",
            "Retail_Price": "90",
            "Averge_Sale_Price": "92",
            "Highest_Price": "183",
            "Lowest_Price": "60",
            "Release_Date": "2019-04-24",
            "id": 250
        },
        {
            "Name": "Jordan 8 Retro Quai54 (2019)",
            "Sales": "166",
            "Retail_Price": "190",
            "Averge_Sale_Price": "246",
            "Highest_Price": "421",
            "Lowest_Price": "173",
            "Release_Date": "2019-06-15",
            "id": 251
        },
        {
            "Name": "Jordan 1 Retro High Spider-Man Origin Story (GS)",
            "Sales": "9431",
            "Retail_Price": "120",
            "Averge_Sale_Price": "222",
            "Highest_Price": "425",
            "Lowest_Price": "146",
            "Release_Date": "2018-12-14",
            "id": 252
        },
        {
            "Name": "Jordan 5 Retro Wings",
            "Sales": "4786",
            "Retail_Price": "200",
            "Averge_Sale_Price": "294",
            "Highest_Price": "699",
            "Lowest_Price": "190",
            "Release_Date": "2018-09-29",
            "id": 253
        },
        {
            "Name": "Jordan 1 Mid Bred Multi-Color",
            "Sales": "3553",
            "Retail_Price": "110",
            "Averge_Sale_Price": "138",
            "Highest_Price": "300",
            "Lowest_Price": "79",
            "Release_Date": "2019-01-16",
            "id": 254
        },
        {
            "Name": "Jordan 4 Retro Pure Money (2017)",
            "Sales": "1755",
            "Retail_Price": "190",
            "Averge_Sale_Price": "244",
            "Highest_Price": "550",
            "Lowest_Price": "130",
            "Release_Date": "2017-05-13",
            "id": 255
        },
        {
            "Name": "Jordan 1 Retro High Wheat",
            "Sales": "1452",
            "Retail_Price": "160",
            "Averge_Sale_Price": "101",
            "Highest_Price": "248",
            "Lowest_Price": "52",
            "Release_Date": "2017-11-25",
            "id": 256
        },
        {
            "Name": "Jordan 1 Retro All Star 2017 Chameleon",
            "Sales": "1300",
            "Retail_Price": "175",
            "Averge_Sale_Price": "305",
            "Highest_Price": "600",
            "Lowest_Price": "140",
            "Release_Date": "2017-02-19",
            "id": 257
        },
        {
            "Name": "Jordan 7 Retro Bordeaux (2015)",
            "Sales": "1048",
            "Retail_Price": "190",
            "Averge_Sale_Price": "227",
            "Highest_Price": "309",
            "Lowest_Price": "160",
            "Release_Date": "2015-07-18",
            "id": 258
        },
        {
            "Name": "Jordan 12 Retro The Master",
            "Sales": "945",
            "Retail_Price": "190",
            "Averge_Sale_Price": "283",
            "Highest_Price": "395",
            "Lowest_Price": "226",
            "Release_Date": "2016-02-27",
            "id": 259
        },
        {
            "Name": "Jordan 1 Retro Royal 2017 (GS)",
            "Sales": "876",
            "Retail_Price": "120",
            "Averge_Sale_Price": "216",
            "Highest_Price": "315",
            "Lowest_Price": "132",
            "Release_Date": "2017-04-01",
            "id": 260
        },
        {
            "Name": "Jordan 5 Retro White Cement",
            "Sales": "732",
            "Retail_Price": "190",
            "Averge_Sale_Price": "208",
            "Highest_Price": "410",
            "Lowest_Price": "80",
            "Release_Date": "2017-08-05",
            "id": 261
        },
        {
            "Name": "Jordan 1 Mid Infrared 23",
            "Sales": "712",
            "Retail_Price": "110",
            "Averge_Sale_Price": "105",
            "Highest_Price": "170",
            "Lowest_Price": "56",
            "Release_Date": "2018-12-13",
            "id": 262
        },
        {
            "Name": "Jordan 11 Retro Low Midnight Navy",
            "Sales": "636",
            "Retail_Price": "170",
            "Averge_Sale_Price": "205",
            "Highest_Price": "285",
            "Lowest_Price": "135",
            "Release_Date": "2016-06-04",
            "id": 263
        },
        {
            "Name": "Jordan 14 Retro Black Toe (2014)",
            "Sales": "374",
            "Retail_Price": "170",
            "Averge_Sale_Price": "256",
            "Highest_Price": "350",
            "Lowest_Price": "150",
            "Release_Date": "2014-09-20",
            "id": 264
        },
        {
            "Name": "Jordan 14 Retro Rip Hamilton (GS)",
            "Sales": "284",
            "Retail_Price": "140",
            "Averge_Sale_Price": "149",
            "Highest_Price": "199",
            "Lowest_Price": "70",
            "Release_Date": "2019-04-06",
            "id": 265
        },
        {
            "Name": "Jordan 5 Retro International Flight (GS)",
            "Sales": "258",
            "Retail_Price": "140",
            "Averge_Sale_Price": "108",
            "Highest_Price": "220",
            "Lowest_Price": "75",
            "Release_Date": "2018-08-25",
            "id": 266
        },
        {
            "Name": "Jordan 1 Mid White Topaz Mist (GS)",
            "Sales": "201",
            "Retail_Price": "90",
            "Averge_Sale_Price": "98",
            "Highest_Price": "149",
            "Lowest_Price": "46",
            "Release_Date": "2019-04-01",
            "id": 267
        },
        {
            "Name": "Jordan 1 Mid White Black Gym Red (GS)",
            "Sales": "170",
            "Retail_Price": "90",
            "Averge_Sale_Price": "93",
            "Highest_Price": "128",
            "Lowest_Price": "64",
            "Release_Date": "2002-05-01",
            "id": 268
        },
        {
            "Name": "Jordan 1 Mid Triple White (2019)",
            "Sales": "159",
            "Retail_Price": "110",
            "Averge_Sale_Price": "91",
            "Highest_Price": "150",
            "Lowest_Price": "25",
            "Release_Date": "2019-03-14",
            "id": 269
        },
        {
            "Name": "Jordan XX9 Hare",
            "Sales": "147",
            "Retail_Price": "225",
            "Averge_Sale_Price": "104",
            "Highest_Price": "150",
            "Lowest_Price": "80",
            "Release_Date": "2015-05-05",
            "id": 270
        },
        {
            "Name": "Jordan 11 Retro Platinum Tint (GS)",
            "Sales": "3648",
            "Retail_Price": "170",
            "Averge_Sale_Price": "125",
            "Highest_Price": "250",
            "Lowest_Price": "90",
            "Release_Date": "2018-10-27",
            "id": 271
        },
        {
            "Name": "Jordan 1 Mid SE Lakers (GS)",
            "Sales": "3043",
            "Retail_Price": "100",
            "Averge_Sale_Price": "159",
            "Highest_Price": "350",
            "Lowest_Price": "95",
            "Release_Date": "2019-02-01",
            "id": 272
        },
        {
            "Name": "Jordan 12 Retro Chinese New Year (2019)",
            "Sales": "2567",
            "Retail_Price": "250",
            "Averge_Sale_Price": "239",
            "Highest_Price": "390",
            "Lowest_Price": "150",
            "Release_Date": "2019-02-05",
            "id": 273
        },
        {
            "Name": "Jordan 11 Retro Low Golf Concord",
            "Sales": "2198",
            "Retail_Price": "220",
            "Averge_Sale_Price": "330",
            "Highest_Price": "685",
            "Lowest_Price": "200",
            "Release_Date": "2019-02-15",
            "id": 274
        },
        {
            "Name": "Jordan 1 Mid Deep Royal Blue Black",
            "Sales": "2045",
            "Retail_Price": "120",
            "Averge_Sale_Price": "133",
            "Highest_Price": "200",
            "Lowest_Price": "70",
            "Release_Date": "2019-01-01",
            "id": 275
        },
        {
            "Name": "Jordan 3 Retro Flyknit Black",
            "Sales": "1756",
            "Retail_Price": "200",
            "Averge_Sale_Price": "221",
            "Highest_Price": "500",
            "Lowest_Price": "131",
            "Release_Date": "2018-08-15",
            "id": 276
        },
        {
            "Name": "Jordan XXXIII Travis Scott",
            "Sales": "1724",
            "Retail_Price": "185",
            "Averge_Sale_Price": "242",
            "Highest_Price": "800",
            "Lowest_Price": "160",
            "Release_Date": "2019-02-14",
            "id": 277
        },
        {
            "Name": "Jordan 9 Retro Dream It Do It",
            "Sales": "1722",
            "Retail_Price": "190",
            "Averge_Sale_Price": "192",
            "Highest_Price": "360",
            "Lowest_Price": "120",
            "Release_Date": "2019-03-09",
            "id": 278
        },
        {
            "Name": "Jordan 1 Mid Pink Foam (GS)",
            "Sales": "1503",
            "Retail_Price": "90",
            "Averge_Sale_Price": "113",
            "Highest_Price": "300",
            "Lowest_Price": "60",
            "Release_Date": "2019-01-01",
            "id": 279
        },
        {
            "Name": "Jordan Legacy 312 Tech Challenge 2 Hot Lava",
            "Sales": "1079",
            "Retail_Price": "160",
            "Averge_Sale_Price": "169",
            "Highest_Price": "620",
            "Lowest_Price": "70",
            "Release_Date": "2018-08-11",
            "id": 280
        },
        {
            "Name": "Jordan 11 Retro Neutral Olive (W)",
            "Sales": "1091",
            "Retail_Price": "220",
            "Averge_Sale_Price": "121",
            "Highest_Price": "300",
            "Lowest_Price": "70",
            "Release_Date": "2018-11-23",
            "id": 281
        },
        {
            "Name": "Jordan 11 Retro Low Concord",
            "Sales": "860",
            "Retail_Price": "150",
            "Averge_Sale_Price": "300",
            "Highest_Price": "460",
            "Lowest_Price": "181",
            "Release_Date": "2014-05-03",
            "id": 282
        },
        {
            "Name": "Jordan 12 Retro Deep Royal Blue",
            "Sales": "825",
            "Retail_Price": "190",
            "Averge_Sale_Price": "234",
            "Highest_Price": "348",
            "Lowest_Price": "150",
            "Release_Date": "2016-11-12",
            "id": 283
        },
        {
            "Name": "Jordan 4 Retro Toro Bravo",
            "Sales": "815",
            "Retail_Price": "160",
            "Averge_Sale_Price": "360",
            "Highest_Price": "500",
            "Lowest_Price": "260",
            "Release_Date": "2013-07-13",
            "id": 284
        },
        {
            "Name": "Jordan 4 Retro Alternate 89",
            "Sales": "774",
            "Retail_Price": "190",
            "Averge_Sale_Price": "217",
            "Highest_Price": "390",
            "Lowest_Price": "95",
            "Release_Date": "2016-01-02",
            "id": 285
        },
        {
            "Name": "Jordan 3 Retro Sport Blue",
            "Sales": "731",
            "Retail_Price": "170",
            "Averge_Sale_Price": "212",
            "Highest_Price": "320",
            "Lowest_Price": "116",
            "Release_Date": "2014-08-16",
            "id": 286
        },
        {
            "Name": "Jordan 1 Retro Premium Midnight Navy Light Cream (W)",
            "Sales": "684",
            "Retail_Price": "145",
            "Averge_Sale_Price": "162",
            "Highest_Price": "266",
            "Lowest_Price": "115",
            "Release_Date": "2019-01-17",
            "id": 287
        },
        {
            "Name": "Jordan 6 Retro All Star 2017",
            "Sales": "680",
            "Retail_Price": "225",
            "Averge_Sale_Price": "157",
            "Highest_Price": "322",
            "Lowest_Price": "90",
            "Release_Date": "2017-02-19",
            "id": 288
        },
        {
            "Name": "Jordan 1 Retro High Off-White White",
            "Sales": "637",
            "Retail_Price": "190",
            "Averge_Sale_Price": "2265",
            "Highest_Price": "3648",
            "Lowest_Price": "1000",
            "Release_Date": "2018-03-03",
            "id": 289
        },
        {
            "Name": "Jordan 10 Retro Double Nickel",
            "Sales": "522",
            "Retail_Price": "190",
            "Averge_Sale_Price": "173",
            "Highest_Price": "240",
            "Lowest_Price": "111",
            "Release_Date": "2015-03-28",
            "id": 290
        },
        {
            "Name": "Jordan 5 Retro Fire Red Black Tongue (2013)",
            "Sales": "472",
            "Retail_Price": "160",
            "Averge_Sale_Price": "209",
            "Highest_Price": "306",
            "Lowest_Price": "150",
            "Release_Date": "2013-08-31",
            "id": 291
        },
        {
            "Name": "Jordan 13 Retro Cap and Gown (GS)",
            "Sales": "360",
            "Retail_Price": "150",
            "Averge_Sale_Price": "114",
            "Highest_Price": "225",
            "Lowest_Price": "55",
            "Release_Date": "2019-04-27",
            "id": 292
        },
        {
            "Name": "Jordan 11 Retro Low Reverse Concord",
            "Sales": "264",
            "Retail_Price": "140",
            "Averge_Sale_Price": "302",
            "Highest_Price": "475",
            "Lowest_Price": "165",
            "Release_Date": "2013-06-08",
            "id": 293
        },
        {
            "Name": "Jordan 4 Retro Bred 2019 (PS)",
            "Sales": "249",
            "Retail_Price": "80",
            "Averge_Sale_Price": "84",
            "Highest_Price": "150",
            "Lowest_Price": "48",
            "Release_Date": "2019-05-04",
            "id": 294
        },
        {
            "Name": "Jordan 1 Mid South Beach",
            "Sales": "5314",
            "Retail_Price": "120",
            "Averge_Sale_Price": "157",
            "Highest_Price": "349",
            "Lowest_Price": "75",
            "Release_Date": "2018-10-01",
            "id": 295
        },
        {
            "Name": "Jordan 12 Retro Winter Black",
            "Sales": "3084",
            "Retail_Price": "200",
            "Averge_Sale_Price": "212",
            "Highest_Price": "350",
            "Lowest_Price": "113",
            "Release_Date": "2018-12-15",
            "id": 296
        },
        {
            "Name": "Jordan 5 Retro International Flight",
            "Sales": "2941",
            "Retail_Price": "190",
            "Averge_Sale_Price": "148",
            "Highest_Price": "262",
            "Lowest_Price": "85",
            "Release_Date": "2018-08-25",
            "id": 297
        },
        {
            "Name": "Jordan 11 Retro Low Iridescent",
            "Sales": "2153",
            "Retail_Price": "175",
            "Averge_Sale_Price": "206",
            "Highest_Price": "499",
            "Lowest_Price": "120",
            "Release_Date": "2018-03-31",
            "id": 298
        },
        {
            "Name": "Jordan 1 Mid Fly (GS)",
            "Sales": "1236",
            "Retail_Price": "100",
            "Averge_Sale_Price": "117",
            "Highest_Price": "175",
            "Lowest_Price": "55",
            "Release_Date": "2019-03-01",
            "id": 299
        },
        {
            "Name": "Jordan 3 Retro International Flight (GS)",
            "Sales": "1219",
            "Retail_Price": "140",
            "Averge_Sale_Price": "102",
            "Highest_Price": "160",
            "Lowest_Price": "60",
            "Release_Date": "2018-06-30",
            "id": 300
        },
        {
            "Name": "Jordan 6 Retro Infrared White (2014)",
            "Sales": "892",
            "Retail_Price": "170",
            "Averge_Sale_Price": "218",
            "Highest_Price": "450",
            "Lowest_Price": "111",
            "Release_Date": "2014-02-15",
            "id": 301
        },
        {
            "Name": "Jordan 1 Retro Yin Yang White",
            "Sales": "852",
            "Retail_Price": "160",
            "Averge_Sale_Price": "183",
            "Highest_Price": "364",
            "Lowest_Price": "80",
            "Release_Date": "2016-08-06",
            "id": 302
        },
        {
            "Name": "Jordan 1 Mid Paint Stroke (GS)",
            "Sales": "818",
            "Retail_Price": "90",
            "Averge_Sale_Price": "110",
            "Highest_Price": "180",
            "Lowest_Price": "45",
            "Release_Date": "2019-02-01",
            "id": 303
        },
        {
            "Name": "Jordan 11 Retro Low Barons",
            "Sales": "811",
            "Retail_Price": "175",
            "Averge_Sale_Price": "243",
            "Highest_Price": "400",
            "Lowest_Price": "103",
            "Release_Date": "2017-05-27",
            "id": 304
        },
        {
            "Name": "Jordan 5 Retro P51 Camo",
            "Sales": "800",
            "Retail_Price": "190",
            "Averge_Sale_Price": "147",
            "Highest_Price": "200",
            "Lowest_Price": "66",
            "Release_Date": "2017-09-02",
            "id": 305
        },
        {
            "Name": "Jordan 1 Retro High Flyknit Royal",
            "Sales": "778",
            "Retail_Price": "180",
            "Averge_Sale_Price": "92",
            "Highest_Price": "195",
            "Lowest_Price": "54",
            "Release_Date": "2017-10-07",
            "id": 306
        },
        {
            "Name": "Jordan 13 Retro Phantom (W)",
            "Sales": "772",
            "Retail_Price": "190",
            "Averge_Sale_Price": "153",
            "Highest_Price": "277",
            "Lowest_Price": "80",
            "Release_Date": "2018-07-27",
            "id": 307
        },
        {
            "Name": "Jordan 1 Retro High Flyknit Bred",
            "Sales": "755",
            "Retail_Price": "180",
            "Averge_Sale_Price": "135",
            "Highest_Price": "240",
            "Lowest_Price": "80",
            "Release_Date": "2017-09-09",
            "id": 308
        },
        {
            "Name": "Jordan 6 Retro Sport Blue (2014)",
            "Sales": "701",
            "Retail_Price": "170",
            "Averge_Sale_Price": "193",
            "Highest_Price": "280",
            "Lowest_Price": "120",
            "Release_Date": "2014-08-30",
            "id": 309
        },
        {
            "Name": "Jordan 12 Retro Bordeaux",
            "Sales": "658",
            "Retail_Price": "190",
            "Averge_Sale_Price": "179",
            "Highest_Price": "299",
            "Lowest_Price": "100",
            "Release_Date": "2017-10-28",
            "id": 310
        },
        {
            "Name": "Jordan 11 Retro Space Jam 2016 (GS)",
            "Sales": "627",
            "Retail_Price": "170",
            "Averge_Sale_Price": "214",
            "Highest_Price": "290",
            "Lowest_Price": "112",
            "Release_Date": "2016-12-10",
            "id": 311
        },
        {
            "Name": "Jordan 1 Mid Black Dark Concord",
            "Sales": "600",
            "Retail_Price": "110",
            "Averge_Sale_Price": "98",
            "Highest_Price": "191",
            "Lowest_Price": "60",
            "Release_Date": "2018-12-01",
            "id": 312
        },
        {
            "Name": "Jordan 14 Retro Ferrari",
            "Sales": "579",
            "Retail_Price": "200",
            "Averge_Sale_Price": "346",
            "Highest_Price": "575",
            "Lowest_Price": "210",
            "Release_Date": "2014-09-06",
            "id": 313
        },
        {
            "Name": "Jordan 13 Retro Wheat",
            "Sales": "564",
            "Retail_Price": "190",
            "Averge_Sale_Price": "147",
            "Highest_Price": "228",
            "Lowest_Price": "80",
            "Release_Date": "2017-11-21",
            "id": 314
        },
        {
            "Name": "Jordan 4 Retro White Cement (2012)",
            "Sales": "514",
            "Retail_Price": "160",
            "Averge_Sale_Price": "260",
            "Highest_Price": "513",
            "Lowest_Price": "140",
            "Release_Date": "2012-02-18",
            "id": 315
        },
        {
            "Name": "Jordan 6 Retro Olympic London (2012)",
            "Sales": "353",
            "Retail_Price": "160",
            "Averge_Sale_Price": "236",
            "Highest_Price": "350",
            "Lowest_Price": "130",
            "Release_Date": "2012-07-07",
            "id": 316
        },
        {
            "Name": "Jordan 12 Retro Nylon",
            "Sales": "349",
            "Retail_Price": "190",
            "Averge_Sale_Price": "211",
            "Highest_Price": "300",
            "Lowest_Price": "126",
            "Release_Date": "2016-09-10",
            "id": 317
        },
        {
            "Name": "Jordan 14 Retro Last Shot 2018 (GS)",
            "Sales": "349",
            "Retail_Price": "140",
            "Averge_Sale_Price": "103",
            "Highest_Price": "157",
            "Lowest_Price": "56",
            "Release_Date": "2018-06-14",
            "id": 318
        },
        {
            "Name": "Jordan 1 Retro High Pale Ivory (W)",
            "Sales": "279",
            "Retail_Price": "145",
            "Averge_Sale_Price": "215",
            "Highest_Price": "500",
            "Lowest_Price": "150",
            "Release_Date": "2019-05-01",
            "id": 319
        },
        {
            "Name": "Jordan XXXIII Vast Grey",
            "Sales": "279",
            "Retail_Price": "175",
            "Averge_Sale_Price": "146",
            "Highest_Price": "752",
            "Lowest_Price": "101",
            "Release_Date": "2019-03-07",
            "id": 320
        },
        {
            "Name": "Jordan 10 Retro Lady of Liberty",
            "Sales": "259",
            "Retail_Price": "190",
            "Averge_Sale_Price": "126",
            "Highest_Price": "190",
            "Lowest_Price": "81",
            "Release_Date": "2015-02-15",
            "id": 321
        },
        {
            "Name": "Jordan ADG White Cement",
            "Sales": "235",
            "Retail_Price": "135",
            "Averge_Sale_Price": "171",
            "Highest_Price": "260",
            "Lowest_Price": "125",
            "Release_Date": "2019-04-15",
            "id": 322
        },
        {
            "Name": "Jordan 1 Mid White Cement",
            "Sales": "211",
            "Retail_Price": "110",
            "Averge_Sale_Price": "92",
            "Highest_Price": "160",
            "Lowest_Price": "57",
            "Release_Date": "2018-06-18",
            "id": 323
        },
        {
            "Name": "Jordan 1 Mid Black Particle Grey Gym Red",
            "Sales": "185",
            "Retail_Price": "110",
            "Averge_Sale_Price": "100",
            "Highest_Price": "199",
            "Lowest_Price": "60",
            "Release_Date": "2019-03-15",
            "id": 324
        },
        {
            "Name": "Jordan 5 Retro Fire Red (2006)",
            "Sales": "144",
            "Retail_Price": "160",
            "Averge_Sale_Price": "192",
            "Highest_Price": "285",
            "Lowest_Price": "86",
            "Release_Date": "2006-12-16",
            "id": 325
        },
        {
            "Name": "Jordan Spizike White Cement (2017)",
            "Sales": "112",
            "Retail_Price": "175",
            "Averge_Sale_Price": "139",
            "Highest_Price": "201",
            "Lowest_Price": "65",
            "Release_Date": "2017-06-24",
            "id": 326
        },
        {
            "Name": "Jordan 1 Mid Top 3 (TD)",
            "Sales": "63",
            "Retail_Price": "50",
            "Averge_Sale_Price": "46",
            "Highest_Price": "75",
            "Lowest_Price": "30",
            "Release_Date": "2019-01-01",
            "id": 327
        },
        {
            "Name": "Jordan 6 Retro Tinker",
            "Sales": "3551",
            "Retail_Price": "190",
            "Averge_Sale_Price": "152",
            "Highest_Price": "279",
            "Lowest_Price": "71",
            "Release_Date": "2018-10-06",
            "id": 328
        },
        {
            "Name": "Jordan 4 Retro Silt Red Splatter (W)",
            "Sales": "2740",
            "Retail_Price": "190",
            "Averge_Sale_Price": "223",
            "Highest_Price": "390",
            "Lowest_Price": "50",
            "Release_Date": "2019-02-22",
            "id": 329
        },
        {
            "Name": "Jordan 1 Mid Bred Multi-Color (GS)",
            "Sales": "2860",
            "Retail_Price": "90",
            "Averge_Sale_Price": "112",
            "Highest_Price": "190",
            "Lowest_Price": "71",
            "Release_Date": "2019-01-16",
            "id": 330
        },
        {
            "Name": "Jordan 3 Retro Pure White (2018)",
            "Sales": "2259",
            "Retail_Price": "190",
            "Averge_Sale_Price": "161",
            "Highest_Price": "311",
            "Lowest_Price": "105",
            "Release_Date": "2018-07-21",
            "id": 331
        },
        {
            "Name": "Jordan 1 Retro High City of Flight",
            "Sales": "1267",
            "Retail_Price": "160",
            "Averge_Sale_Price": "114",
            "Highest_Price": "250",
            "Lowest_Price": "48",
            "Release_Date": "2018-01-10",
            "id": 332
        },
        {
            "Name": "Jordan 12 Retro French Blue (2016)",
            "Sales": "1067",
            "Retail_Price": "190",
            "Averge_Sale_Price": "244",
            "Highest_Price": "339",
            "Lowest_Price": "180",
            "Release_Date": "2016-04-02",
            "id": 333
        },
        {
            "Name": "Jordan 8 Retro OVO White",
            "Sales": "934",
            "Retail_Price": "225",
            "Averge_Sale_Price": "254",
            "Highest_Price": "401",
            "Lowest_Price": "190",
            "Release_Date": "2018-02-16",
            "id": 334
        },
        {
            "Name": "Jordan 5 Retro Red Suede",
            "Sales": "911",
            "Retail_Price": "190",
            "Averge_Sale_Price": "195",
            "Highest_Price": "330",
            "Lowest_Price": "133",
            "Release_Date": "2017-07-02",
            "id": 335
        },
        {
            "Name": "Jordan 8 Retro OVO Black",
            "Sales": "872",
            "Retail_Price": "225",
            "Averge_Sale_Price": "234",
            "Highest_Price": "350",
            "Lowest_Price": "160",
            "Release_Date": "2018-02-16",
            "id": 336
        },
        {
            "Name": "Jordan 6 Retro Chinese New Year (2018)",
            "Sales": "870",
            "Retail_Price": "250",
            "Averge_Sale_Price": "225",
            "Highest_Price": "400",
            "Lowest_Price": "149",
            "Release_Date": "2018-01-13",
            "id": 337
        },
        {
            "Name": "Jordan 1 Mid SE Deep Royal (GS)",
            "Sales": "873",
            "Retail_Price": "120",
            "Averge_Sale_Price": "130",
            "Highest_Price": "195",
            "Lowest_Price": "81",
            "Release_Date": "2019-01-16",
            "id": 338
        },
        {
            "Name": "Jordan 1 Mid Chicago",
            "Sales": "836",
            "Retail_Price": "110",
            "Averge_Sale_Price": "132",
            "Highest_Price": "270",
            "Lowest_Price": "45",
            "Release_Date": "2018-03-20",
            "id": 339
        },
        {
            "Name": "Jordan 1 Retro High Wings",
            "Sales": "712",
            "Retail_Price": "200",
            "Averge_Sale_Price": "196",
            "Highest_Price": "400",
            "Lowest_Price": "113",
            "Release_Date": "2017-05-17",
            "id": 340
        },
        {
            "Name": "Jordan 3 Retro True Blue 2016 (GS)",
            "Sales": "656",
            "Retail_Price": "160",
            "Averge_Sale_Price": "116",
            "Highest_Price": "200",
            "Lowest_Price": "60",
            "Release_Date": "2016-11-25",
            "id": 341
        },
        {
            "Name": "Jordan 1 Retro Bred 2016(GS)",
            "Sales": "614",
            "Retail_Price": "120",
            "Averge_Sale_Price": "309",
            "Highest_Price": "430",
            "Lowest_Price": "219",
            "Release_Date": "2016-09-03",
            "id": 342
        },
        {
            "Name": "Jordan Legacy 312 Lakers",
            "Sales": "578",
            "Retail_Price": "150",
            "Averge_Sale_Price": "118",
            "Highest_Price": "300",
            "Lowest_Price": "70",
            "Release_Date": "2018-11-01",
            "id": 343
        },
        {
            "Name": "Jordan 5 Retro Metallic White (2015)",
            "Sales": "559",
            "Retail_Price": "190",
            "Averge_Sale_Price": "190",
            "Highest_Price": "300",
            "Lowest_Price": "116",
            "Release_Date": "2015-04-04",
            "id": 344
        },
        {
            "Name": "Jordan 18 Retro Yellow Ochre",
            "Sales": "524",
            "Retail_Price": "225",
            "Averge_Sale_Price": "151",
            "Highest_Price": "395",
            "Lowest_Price": "80",
            "Release_Date": "2018-09-15",
            "id": 345
        },
        {
            "Name": "Jordan 3 Retro Cyber Monday (2016)",
            "Sales": "522",
            "Retail_Price": "190",
            "Averge_Sale_Price": "139",
            "Highest_Price": "299",
            "Lowest_Price": "70",
            "Release_Date": "2016-10-15",
            "id": 346
        },
        {
            "Name": "Jordan 5 Retro Fire Red (2013)",
            "Sales": "517",
            "Retail_Price": "160",
            "Averge_Sale_Price": "220",
            "Highest_Price": "385",
            "Lowest_Price": "147",
            "Release_Date": "2013-01-26",
            "id": 347
        },
        {
            "Name": "Jordan 3 Retro White Cement (2011)",
            "Sales": "451",
            "Retail_Price": "150",
            "Averge_Sale_Price": "286",
            "Highest_Price": "420",
            "Lowest_Price": "165",
            "Release_Date": "2011-01-22",
            "id": 348
        },
        {
            "Name": "Jordan 4 Retro Green Glow",
            "Sales": "438",
            "Retail_Price": "160",
            "Averge_Sale_Price": "276",
            "Highest_Price": "415",
            "Lowest_Price": "190",
            "Release_Date": "2013-08-17",
            "id": 349
        },
        {
            "Name": "Jordan 3 Retro Powder Blue",
            "Sales": "436",
            "Retail_Price": "170",
            "Averge_Sale_Price": "186",
            "Highest_Price": "289",
            "Lowest_Price": "128",
            "Release_Date": "2014-01-18",
            "id": 350
        },
        {
            "Name": "Jordan 5 Retro Satin Bred (GS)",
            "Sales": "404",
            "Retail_Price": "140",
            "Averge_Sale_Price": "100",
            "Highest_Price": "165",
            "Lowest_Price": "50",
            "Release_Date": "2018-11-03",
            "id": 351
        },
        {
            "Name": "Jordan 1 Retro High White Snake (W)",
            "Sales": "374",
            "Retail_Price": "145",
            "Averge_Sale_Price": "148",
            "Highest_Price": "900",
            "Lowest_Price": "70",
            "Release_Date": "2018-07-01",
            "id": 352
        },
        {
            "Name": "Jordan 1 Retro Black White (2014)",
            "Sales": "350",
            "Retail_Price": "140",
            "Averge_Sale_Price": "356",
            "Highest_Price": "751",
            "Lowest_Price": "177",
            "Release_Date": "2014-11-08",
            "id": 353
        },
        {
            "Name": "Jordan 88 Racer White Cement",
            "Sales": "346",
            "Retail_Price": "100",
            "Averge_Sale_Price": "79",
            "Highest_Price": "150",
            "Lowest_Price": "47",
            "Release_Date": "2018-09-01",
            "id": 354
        },
        {
            "Name": "Jordan 1 Mid Multi-Color Swoosh Black",
            "Sales": "343",
            "Retail_Price": "110",
            "Averge_Sale_Price": "80",
            "Highest_Price": "225",
            "Lowest_Price": "42",
            "Release_Date": "2018-06-15",
            "id": 355
        },
        {
            "Name": "Jordan 6 Retro History of Jordan (Spiz'ike)",
            "Sales": "256",
            "Retail_Price": "170",
            "Averge_Sale_Price": "188",
            "Highest_Price": "250",
            "Lowest_Price": "106",
            "Release_Date": "2014-08-09",
            "id": 356
        },
        {
            "Name": "Jordan 2 Retro Low Chicago (2016)",
            "Sales": "220",
            "Retail_Price": "160",
            "Averge_Sale_Price": "92",
            "Highest_Price": "204",
            "Lowest_Price": "50",
            "Release_Date": "2016-05-21",
            "id": 357
        },
        {
            "Name": "Jordan 11 Retro Low IE Cobalt (2015)",
            "Sales": "171",
            "Retail_Price": "170",
            "Averge_Sale_Price": "162",
            "Highest_Price": "250",
            "Lowest_Price": "50",
            "Release_Date": "2015-08-01",
            "id": 358
        },
        {
            "Name": "Jordan 4 Retro Flyknit Volt",
            "Sales": "143",
            "Retail_Price": "220",
            "Averge_Sale_Price": "276",
            "Highest_Price": "450",
            "Lowest_Price": "220",
            "Release_Date": "2019-06-14",
            "id": 359
        },
        {
            "Name": "Jordan Spizike Mint Foam (GS)",
            "Sales": "32",
            "Retail_Price": "125",
            "Averge_Sale_Price": "47",
            "Highest_Price": "85",
            "Lowest_Price": "37",
            "Release_Date": "2017-01-01",
            "id": 360
        },
        {
            "Name": "Jordan 1 Cargo White Black",
            "Sales": "30",
            "Retail_Price": "130",
            "Averge_Sale_Price": "125",
            "Highest_Price": "250",
            "Lowest_Price": "85",
            "Release_Date": "2002-05-01",
            "id": 361
        },
        {
            "Name": "Jordan 1 Retro High Barely Volt (W)",
            "Sales": "9",
            "Retail_Price": "145",
            "Averge_Sale_Price": "180",
            "Highest_Price": "250",
            "Lowest_Price": "150",
            "Release_Date": "2019-06-22",
            "id": 362
        },
        {
            "Name": "Jordan 12 Retro International Flight",
            "Sales": "4973",
            "Retail_Price": "200",
            "Averge_Sale_Price": "195",
            "Highest_Price": "347",
            "Lowest_Price": "100",
            "Release_Date": "2018-09-08",
            "id": 363
        },
        {
            "Name": "Jordan 1 Retro High Spider-Man Origin Story (PS)",
            "Sales": "1993",
            "Retail_Price": "70",
            "Averge_Sale_Price": "101",
            "Highest_Price": "250",
            "Lowest_Price": "70",
            "Release_Date": "2018-12-14",
            "id": 364
        },
        {
            "Name": "Jordan 8 Retro Tinker Air Raid",
            "Sales": "1899",
            "Retail_Price": "190",
            "Averge_Sale_Price": "158",
            "Highest_Price": "250",
            "Lowest_Price": "86",
            "Release_Date": "2018-12-22",
            "id": 365
        },
        {
            "Name": "Jordan 10 Retro Light Smoke Grey",
            "Sales": "1626",
            "Retail_Price": "190",
            "Averge_Sale_Price": "176",
            "Highest_Price": "300",
            "Lowest_Price": "117",
            "Release_Date": "2018-07-28",
            "id": 366
        },
        {
            "Name": "Jordan 15 Retro Doernbecher (2018)",
            "Sales": "1323",
            "Retail_Price": "190",
            "Averge_Sale_Price": "215",
            "Highest_Price": "425",
            "Lowest_Price": "120",
            "Release_Date": "2018-12-14",
            "id": 367
        },
        {
            "Name": "Jordan 1 Mid Top 3 (GS)",
            "Sales": "1235",
            "Retail_Price": "90",
            "Averge_Sale_Price": "103",
            "Highest_Price": "180",
            "Lowest_Price": "75",
            "Release_Date": "2019-01-01",
            "id": 368
        },
        {
            "Name": "Jordan 11 Retro Gamma Blue",
            "Sales": "1121",
            "Retail_Price": "185",
            "Averge_Sale_Price": "364",
            "Highest_Price": "600",
            "Lowest_Price": "270",
            "Release_Date": "2013-12-21",
            "id": 369
        },
        {
            "Name": "Jordan 10 Retro Russell Westbrook Class of 2006",
            "Sales": "1039",
            "Retail_Price": "190",
            "Averge_Sale_Price": "150",
            "Highest_Price": "239",
            "Lowest_Price": "95",
            "Release_Date": "2018-06-30",
            "id": 370
        },
        {
            "Name": "Jordan 6 Retro Tinker (GS)",
            "Sales": "897",
            "Retail_Price": "140",
            "Averge_Sale_Price": "129",
            "Highest_Price": "222",
            "Lowest_Price": "70",
            "Release_Date": "2018-10-06",
            "id": 371
        },
        {
            "Name": "Jordan 5 Retro Grape (2013)",
            "Sales": "876",
            "Retail_Price": "160",
            "Averge_Sale_Price": "210",
            "Highest_Price": "300",
            "Lowest_Price": "145",
            "Release_Date": "2013-05-04",
            "id": 372
        },
        {
            "Name": "Jordan 9 Retro OG (2016)",
            "Sales": "834",
            "Retail_Price": "190",
            "Averge_Sale_Price": "249",
            "Highest_Price": "400",
            "Lowest_Price": "127",
            "Release_Date": "2016-12-03",
            "id": 373
        },
        {
            "Name": "Jordan 4 Retro 30th Anniversary Laser",
            "Sales": "831",
            "Retail_Price": "250",
            "Averge_Sale_Price": "228",
            "Highest_Price": "360",
            "Lowest_Price": "141",
            "Release_Date": "2015-02-13",
            "id": 374
        },
        {
            "Name": "Jordan 1 Retro High Noise Cancelling Pack Nigel Sylvester",
            "Sales": "811",
            "Retail_Price": "110",
            "Averge_Sale_Price": "206",
            "Highest_Price": "400",
            "Lowest_Price": "100",
            "Release_Date": "2018-11-30",
            "id": 375
        },
        {
            "Name": "Jordan 11 Retro Win Like 96 (GS)",
            "Sales": "762",
            "Retail_Price": "170",
            "Averge_Sale_Price": "202",
            "Highest_Price": "320",
            "Lowest_Price": "110",
            "Release_Date": "2017-12-09",
            "id": 376
        },
        {
            "Name": "Jordan 13 Retro Olive",
            "Sales": "716",
            "Retail_Price": "190",
            "Averge_Sale_Price": "125",
            "Highest_Price": "206",
            "Lowest_Price": "80",
            "Release_Date": "2018-01-20",
            "id": 377
        },
        {
            "Name": "Jordan 6 Retro Doernbecher 15th Anniversary",
            "Sales": "715",
            "Retail_Price": "190",
            "Averge_Sale_Price": "939",
            "Highest_Price": "1500",
            "Lowest_Price": "590",
            "Release_Date": "2019-02-23",
            "id": 378
        },
        {
            "Name": "Jordan 12 Retro International Flight (GS)",
            "Sales": "691",
            "Retail_Price": "140",
            "Averge_Sale_Price": "118",
            "Highest_Price": "180",
            "Lowest_Price": "70",
            "Release_Date": "2018-09-08",
            "id": 379
        },
        {
            "Name": "Jordan 4 Retro Motorsports 2017 (GS)",
            "Sales": "660",
            "Retail_Price": "140",
            "Averge_Sale_Price": "140",
            "Highest_Price": "300",
            "Lowest_Price": "62",
            "Release_Date": "2017-03-26",
            "id": 380
        },
        {
            "Name": "Jordan 12 Retro Dark Grey",
            "Sales": "580",
            "Retail_Price": "190",
            "Averge_Sale_Price": "212",
            "Highest_Price": "299",
            "Lowest_Price": "115",
            "Release_Date": "2017-11-18",
            "id": 381
        },
        {
            "Name": "Jordan 12 Retro Chinese New Year",
            "Sales": "576",
            "Retail_Price": "250",
            "Averge_Sale_Price": "270",
            "Highest_Price": "380",
            "Lowest_Price": "190",
            "Release_Date": "2017-01-28",
            "id": 382
        },
        {
            "Name": "Jordan 12 Retro Vachetta Tan (W)",
            "Sales": "574",
            "Retail_Price": "190",
            "Averge_Sale_Price": "127",
            "Highest_Price": "210",
            "Lowest_Price": "61",
            "Release_Date": "2018-03-23",
            "id": 383
        },
        {
            "Name": "Jordan 2 Retro Black History Month (2019)",
            "Sales": "550",
            "Retail_Price": "190",
            "Averge_Sale_Price": "131",
            "Highest_Price": "295",
            "Lowest_Price": "64",
            "Release_Date": "2019-02-02",
            "id": 384
        },
        {
            "Name": "Jordan 9 Retro Boot Wheat",
            "Sales": "540",
            "Retail_Price": "225",
            "Averge_Sale_Price": "162",
            "Highest_Price": "325",
            "Lowest_Price": "87",
            "Release_Date": "2018-10-17",
            "id": 385
        },
        {
            "Name": "Jordan 5 Retro Laney (2013)",
            "Sales": "529",
            "Retail_Price": "170",
            "Averge_Sale_Price": "188",
            "Highest_Price": "261",
            "Lowest_Price": "110",
            "Release_Date": "2013-11-02",
            "id": 386
        },
        {
            "Name": "Jordan Legacy 312 Desert Camo",
            "Sales": "523",
            "Retail_Price": "160",
            "Averge_Sale_Price": "125",
            "Highest_Price": "250",
            "Lowest_Price": "68",
            "Release_Date": "2019-01-01",
            "id": 387
        },
        {
            "Name": "Jordan 10 Retro Bulls Over Broadway",
            "Sales": "509",
            "Retail_Price": "190",
            "Averge_Sale_Price": "174",
            "Highest_Price": "300",
            "Lowest_Price": "100",
            "Release_Date": "2015-02-14",
            "id": 388
        },
        {
            "Name": "Jordan Apex Utility Flight Utility",
            "Sales": "501",
            "Retail_Price": "200",
            "Averge_Sale_Price": "239",
            "Highest_Price": "412",
            "Lowest_Price": "175",
            "Release_Date": "2019-02-14",
            "id": 389
        },
        {
            "Name": "Jordan 18 Retro Racer Blue",
            "Sales": "503",
            "Retail_Price": "225",
            "Averge_Sale_Price": "153",
            "Highest_Price": "250",
            "Lowest_Price": "70",
            "Release_Date": "2018-09-15",
            "id": 390
        },
        {
            "Name": "Jordan Legacy 312 Toro",
            "Sales": "486",
            "Retail_Price": "160",
            "Averge_Sale_Price": "98",
            "Highest_Price": "200",
            "Lowest_Price": "60",
            "Release_Date": "2018-09-29",
            "id": 391
        },
        {
            "Name": "Jordan 1 Low White Gum Hyper Pink",
            "Sales": "446",
            "Retail_Price": "90",
            "Averge_Sale_Price": "100",
            "Highest_Price": "235",
            "Lowest_Price": "56",
            "Release_Date": "2019-04-01",
            "id": 392
        },
        {
            "Name": "Jordan 1 Retro Metallic Navy (2016)",
            "Sales": "442",
            "Retail_Price": "160",
            "Averge_Sale_Price": "185",
            "Highest_Price": "345",
            "Lowest_Price": "55",
            "Release_Date": "2016-06-04",
            "id": 393
        },
        {
            "Name": "Jordan 11 Retro Low Infrared",
            "Sales": "435",
            "Retail_Price": "150",
            "Averge_Sale_Price": "257",
            "Highest_Price": "380",
            "Lowest_Price": "190",
            "Release_Date": "2014-06-14",
            "id": 394
        },
        {
            "Name": "Jordan 1 Retro David Letterman",
            "Sales": "435",
            "Retail_Price": "160",
            "Averge_Sale_Price": "119",
            "Highest_Price": "200",
            "Lowest_Price": "50",
            "Release_Date": "2016-04-30",
            "id": 395
        },
        {
            "Name": "Jordan 12 Retro Flu Game 2016 (GS)",
            "Sales": "430",
            "Retail_Price": "140",
            "Averge_Sale_Price": "147",
            "Highest_Price": "220",
            "Lowest_Price": "73",
            "Release_Date": "2016-05-28",
            "id": 396
        },
        {
            "Name": "Jordan 8 Retro Champagne",
            "Sales": "394",
            "Retail_Price": "250",
            "Averge_Sale_Price": "253",
            "Highest_Price": "400",
            "Lowest_Price": "180",
            "Release_Date": "2016-06-25",
            "id": 397
        },
        {
            "Name": "Jordan Legacy 312 Rookie of the Year (GS)",
            "Sales": "380",
            "Retail_Price": "110",
            "Averge_Sale_Price": "75",
            "Highest_Price": "103",
            "Lowest_Price": "55",
            "Release_Date": "2018-11-01",
            "id": 398
        },
        {
            "Name": "Jordan 13 Retro Bred 2017 (GS)",
            "Sales": "369",
            "Retail_Price": "140",
            "Averge_Sale_Price": "114",
            "Highest_Price": "190",
            "Lowest_Price": "50",
            "Release_Date": "2017-08-19",
            "id": 399
        },
        {
            "Name": "Jordan 4 Retro Military Blue (2012)",
            "Sales": "370",
            "Retail_Price": "160",
            "Averge_Sale_Price": "240",
            "Highest_Price": "400",
            "Lowest_Price": "105",
            "Release_Date": "2012-06-09",
            "id": 400
        },
        {
            "Name": "Jordan 1 Retro Mid Black Dark Grey",
            "Sales": "365",
            "Retail_Price": "110",
            "Averge_Sale_Price": "119",
            "Highest_Price": "235",
            "Lowest_Price": "50",
            "Release_Date": "2017-12-01",
            "id": 401
        },
        {
            "Name": "Jordan 1 Retro High Shadow 2018 (TD)",
            "Sales": "365",
            "Retail_Price": "50",
            "Averge_Sale_Price": "56",
            "Highest_Price": "100",
            "Lowest_Price": "30",
            "Release_Date": "2018-04-13",
            "id": 402
        },
        {
            "Name": "Jordan 6 Rings Gym Red",
            "Sales": "323",
            "Retail_Price": "165",
            "Averge_Sale_Price": "115",
            "Highest_Price": "220",
            "Lowest_Price": "80",
            "Release_Date": "2019-01-07",
            "id": 403
        },
        {
            "Name": "Jordan 8 Retro Three Peat",
            "Sales": "319",
            "Retail_Price": "190",
            "Averge_Sale_Price": "154",
            "Highest_Price": "230",
            "Lowest_Price": "90",
            "Release_Date": "2015-10-24",
            "id": 404
        },
        {
            "Name": "Jordan 13 Retro Dirty Bred",
            "Sales": "313",
            "Retail_Price": "185",
            "Averge_Sale_Price": "186",
            "Highest_Price": "298",
            "Lowest_Price": "110",
            "Release_Date": "2014-12-13",
            "id": 405
        },
        {
            "Name": "Jordan 6 Retro Pinnacle Metallic Gold",
            "Sales": "287",
            "Retail_Price": "250",
            "Averge_Sale_Price": "341",
            "Highest_Price": "480",
            "Lowest_Price": "235",
            "Release_Date": "2016-10-22",
            "id": 406
        },
        {
            "Name": "Jordan 13 Retro Low Bred",
            "Sales": "273",
            "Retail_Price": "160",
            "Averge_Sale_Price": "156",
            "Highest_Price": "313",
            "Lowest_Price": "91",
            "Release_Date": "2015-06-13",
            "id": 407
        },
        {
            "Name": "Jordan 1 Mid Last Shot",
            "Sales": "269",
            "Retail_Price": "110",
            "Averge_Sale_Price": "89",
            "Highest_Price": "200",
            "Lowest_Price": "52",
            "Release_Date": "2018-06-01",
            "id": 408
        },
        {
            "Name": "Jordan 7 Retro Olympic (2012)",
            "Sales": "255",
            "Retail_Price": "160",
            "Averge_Sale_Price": "263",
            "Highest_Price": "380",
            "Lowest_Price": "130",
            "Release_Date": "2012-07-21",
            "id": 409
        },
        {
            "Name": "Jordan 13 Retro Low Chutney",
            "Sales": "250",
            "Retail_Price": "175",
            "Averge_Sale_Price": "119",
            "Highest_Price": "215",
            "Lowest_Price": "70",
            "Release_Date": "2017-06-10",
            "id": 410
        },
        {
            "Name": "Jordan 3 Retro Bordeaux (W)",
            "Sales": "250",
            "Retail_Price": "180",
            "Averge_Sale_Price": "111",
            "Highest_Price": "260",
            "Lowest_Price": "50",
            "Release_Date": "2018-09-21",
            "id": 411
        },
        {
            "Name": "Jordan 18 Retro White Sport Royal",
            "Sales": "222",
            "Retail_Price": "225",
            "Averge_Sale_Price": "279",
            "Highest_Price": "449",
            "Lowest_Price": "200",
            "Release_Date": "2018-01-22",
            "id": 412
        },
        {
            "Name": "Jordan 6 Retro Cigar",
            "Sales": "221",
            "Retail_Price": "250",
            "Averge_Sale_Price": "258",
            "Highest_Price": "397",
            "Lowest_Price": "190",
            "Release_Date": "2014-06-14",
            "id": 413
        },
        {
            "Name": "Jordan 1 Retro Barons",
            "Sales": "215",
            "Retail_Price": "140",
            "Averge_Sale_Price": "313",
            "Highest_Price": "600",
            "Lowest_Price": "160",
            "Release_Date": "2014-04-05",
            "id": 414
        },
        {
            "Name": "Jordan 9 Retro Statue",
            "Sales": "208",
            "Retail_Price": "190",
            "Averge_Sale_Price": "156",
            "Highest_Price": "240",
            "Lowest_Price": "70",
            "Release_Date": "2015-08-22",
            "id": 415
        },
        {
            "Name": "Jordan 1 Retro High Flyknit Derek Jeter RE2PECT",
            "Sales": "207",
            "Retail_Price": "180",
            "Averge_Sale_Price": "147",
            "Highest_Price": "295",
            "Lowest_Price": "75",
            "Release_Date": "2018-02-23",
            "id": 416
        },
        {
            "Name": "Jordan Legacy 312 Olympic",
            "Sales": "211",
            "Retail_Price": "150",
            "Averge_Sale_Price": "104",
            "Highest_Price": "200",
            "Lowest_Price": "71",
            "Release_Date": "2019-02-01",
            "id": 417
        },
        {
            "Name": "Jordan 6 Retro White Jade Black (GS)",
            "Sales": "182",
            "Retail_Price": "140",
            "Averge_Sale_Price": "119",
            "Highest_Price": "193",
            "Lowest_Price": "56",
            "Release_Date": "2017-03-04",
            "id": 418
        },
        {
            "Name": "Jordan 11 Retro Low IE Referee (2015)",
            "Sales": "169",
            "Retail_Price": "170",
            "Averge_Sale_Price": "167",
            "Highest_Price": "270",
            "Lowest_Price": "100",
            "Release_Date": "2015-09-26",
            "id": 419
        },
        {
            "Name": "Jordan Proto Max 720 Black University Red",
            "Sales": "149",
            "Retail_Price": "200",
            "Averge_Sale_Price": "175",
            "Highest_Price": "269",
            "Lowest_Price": "115",
            "Release_Date": "2019-04-01",
            "id": 420
        },
        {
            "Name": "Jordan 1 Mid All Over Logos (GS)",
            "Sales": "139",
            "Retail_Price": "90",
            "Averge_Sale_Price": "94",
            "Highest_Price": "151",
            "Lowest_Price": "73",
            "Release_Date": "2019-05-01",
            "id": 421
        },
        {
            "Name": "Jordan 1 Mid Maybe I Destroyed The Game",
            "Sales": "79",
            "Retail_Price": "120",
            "Averge_Sale_Price": "107",
            "Highest_Price": "175",
            "Lowest_Price": "60",
            "Release_Date": "2019-03-20",
            "id": 422
        },
        {
            "Name": "Jordan 1 Retro Mid White Gym Red Black",
            "Sales": "76",
            "Retail_Price": "110",
            "Averge_Sale_Price": "120",
            "Highest_Price": "200",
            "Lowest_Price": "53",
            "Release_Date": "2016-05-01",
            "id": 423
        },
        {
            "Name": "Air Jordan 1 Mid Lakers",
            "Sales": "52",
            "Retail_Price": "105",
            "Averge_Sale_Price": "193",
            "Highest_Price": "325",
            "Lowest_Price": "60",
            "Release_Date": "2013-04-01",
            "id": 424
        },
        {
            "Name": "Jordan 1 Mid Reverse Black Toe (W)",
            "Sales": "24",
            "Retail_Price": "110",
            "Averge_Sale_Price": "128",
            "Highest_Price": "250",
            "Lowest_Price": "110",
            "Release_Date": "2019-06-01",
            "id": 425
        },
        {
            "Name": "Jordan Hydro 7 Black White Gym Red",
            "Sales": "15",
            "Retail_Price": "50",
            "Averge_Sale_Price": "31",
            "Highest_Price": "45",
            "Lowest_Price": "25",
            "Release_Date": "2018-01-01",
            "id": 426
        },
        {
            "Name": "Jordan 1 Retro High Court Purple (GS)",
            "Sales": "5637",
            "Retail_Price": "120",
            "Averge_Sale_Price": "315",
            "Highest_Price": "450",
            "Lowest_Price": "181",
            "Release_Date": "2018-09-22",
            "id": 427
        },
        {
            "Name": "Jordan 4 Retro Fire Red Singles Day 2018 (W)",
            "Sales": "1354",
            "Retail_Price": "190",
            "Averge_Sale_Price": "168",
            "Highest_Price": "289",
            "Lowest_Price": "86",
            "Release_Date": "2018-11-11",
            "id": 428
        },
        {
            "Name": "Jordan 10 Retro Tinker",
            "Sales": "1287",
            "Retail_Price": "190",
            "Averge_Sale_Price": "141",
            "Highest_Price": "285",
            "Lowest_Price": "80",
            "Release_Date": "2018-10-20",
            "id": 429
        },
        {
            "Name": "Jordan 18 Retro Black Sport Royal",
            "Sales": "1196",
            "Retail_Price": "225",
            "Averge_Sale_Price": "224",
            "Highest_Price": "429",
            "Lowest_Price": "126",
            "Release_Date": "2018-10-11",
            "id": 430
        },
        {
            "Name": "Jordan 12 Retro Gym Red",
            "Sales": "943",
            "Retail_Price": "190",
            "Averge_Sale_Price": "222",
            "Highest_Price": "320",
            "Lowest_Price": "162",
            "Release_Date": "2016-07-02",
            "id": 431
        },
        {
            "Name": "Jordan 12 Retro Winter Black (GS)",
            "Sales": "894",
            "Retail_Price": "140",
            "Averge_Sale_Price": "162",
            "Highest_Price": "215",
            "Lowest_Price": "75",
            "Release_Date": "2018-12-15",
            "id": 432
        },
        {
            "Name": "Jordan Legacy 312 Command Force Volt",
            "Sales": "823",
            "Retail_Price": "160",
            "Averge_Sale_Price": "139",
            "Highest_Price": "350",
            "Lowest_Price": "41",
            "Release_Date": "2018-08-11",
            "id": 433
        },
        {
            "Name": "Jordan 4 Retro Columbia (2015)",
            "Sales": "807",
            "Retail_Price": "190",
            "Averge_Sale_Price": "206",
            "Highest_Price": "295",
            "Lowest_Price": "115",
            "Release_Date": "2015-01-10",
            "id": 434
        },
        {
            "Name": "Jordan 1 Retro UNC",
            "Sales": "777",
            "Retail_Price": "160",
            "Averge_Sale_Price": "327",
            "Highest_Price": "560",
            "Lowest_Price": "181",
            "Release_Date": "2015-10-10",
            "id": 435
        },
        {
            "Name": "Jordan 1 Retro High RE2PECT (Derek Jeter)",
            "Sales": "676",
            "Retail_Price": "160",
            "Averge_Sale_Price": "219",
            "Highest_Price": "435",
            "Lowest_Price": "101",
            "Release_Date": "2017-11-18",
            "id": 436
        },
        {
            "Name": "Jordan 11 Retro Low Cool Grey (GS)",
            "Sales": "662",
            "Retail_Price": "130",
            "Averge_Sale_Price": "158",
            "Highest_Price": "290",
            "Lowest_Price": "60",
            "Release_Date": "2018-04-28",
            "id": 437
        },
        {
            "Name": "Jordan 1 Retro High Rox Brown (W)",
            "Sales": "642",
            "Retail_Price": "160",
            "Averge_Sale_Price": "174",
            "Highest_Price": "300",
            "Lowest_Price": "100",
            "Release_Date": "2018-12-12",
            "id": 438
        },
        {
            "Name": "Jordan 9 Retro City of Flight",
            "Sales": "623",
            "Retail_Price": "190",
            "Averge_Sale_Price": "158",
            "Highest_Price": "299",
            "Lowest_Price": "85",
            "Release_Date": "2018-02-03",
            "id": 439
        },
        {
            "Name": "Jordan 13 Retro Alternate History of Flight",
            "Sales": "609",
            "Retail_Price": "190",
            "Averge_Sale_Price": "174",
            "Highest_Price": "250",
            "Lowest_Price": "65",
            "Release_Date": "2017-07-22",
            "id": 440
        },
        {
            "Name": "Jordan 1 Retro High Flyknit Shadow",
            "Sales": "545",
            "Retail_Price": "180",
            "Averge_Sale_Price": "110",
            "Highest_Price": "205",
            "Lowest_Price": "62",
            "Release_Date": "2018-01-13",
            "id": 441
        },
        {
            "Name": "Jordan 11 Retro Low Georgetown",
            "Sales": "546",
            "Retail_Price": "170",
            "Averge_Sale_Price": "231",
            "Highest_Price": "345",
            "Lowest_Price": "160",
            "Release_Date": "2015-04-11",
            "id": 442
        },
        {
            "Name": "Jordan 7 Retro Pantone",
            "Sales": "541",
            "Retail_Price": "190",
            "Averge_Sale_Price": "128",
            "Highest_Price": "250",
            "Lowest_Price": "70",
            "Release_Date": "2017-04-29",
            "id": 443
        },
        {
            "Name": "Jordan 3 Retro Infrared 23",
            "Sales": "508",
            "Retail_Price": "170",
            "Averge_Sale_Price": "218",
            "Highest_Price": "325",
            "Lowest_Price": "156",
            "Release_Date": "2014-03-08",
            "id": 444
        },
        {
            "Name": "Jordan 12 Retro Desert Sand (GS)",
            "Sales": "487",
            "Retail_Price": "140",
            "Averge_Sale_Price": "117",
            "Highest_Price": "300",
            "Lowest_Price": "52",
            "Release_Date": "2018-11-17",
            "id": 445
        },
        {
            "Name": "Jordan 4 Retro Fire Red (2012)",
            "Sales": "475",
            "Retail_Price": "160",
            "Averge_Sale_Price": "254",
            "Highest_Price": "525",
            "Lowest_Price": "150",
            "Release_Date": "2012-08-04",
            "id": 446
        },
        {
            "Name": "Jordan 7 Retro Marvin the Martian",
            "Sales": "473",
            "Retail_Price": "190",
            "Averge_Sale_Price": "143",
            "Highest_Price": "229",
            "Lowest_Price": "100",
            "Release_Date": "2015-08-15",
            "id": 447
        },
        {
            "Name": "Jordan 12 Retro Grey University Blue",
            "Sales": "467",
            "Retail_Price": "190",
            "Averge_Sale_Price": "201",
            "Highest_Price": "299",
            "Lowest_Price": "140",
            "Release_Date": "2016-06-25",
            "id": 448
        },
        {
            "Name": "Jordan 4 Retro Royalty (GS)",
            "Sales": "462",
            "Retail_Price": "140",
            "Averge_Sale_Price": "117",
            "Highest_Price": "250",
            "Lowest_Price": "60",
            "Release_Date": "2017-02-04",
            "id": 449
        },
        {
            "Name": "Jordan 18 Retro Campfire Orange",
            "Sales": "471",
            "Retail_Price": "225",
            "Averge_Sale_Price": "143",
            "Highest_Price": "245",
            "Lowest_Price": "80",
            "Release_Date": "2018-09-15",
            "id": 450
        },
        {
            "Name": "Jordan 4 Retro Levi's Denim (Tag with Levi's Logo)",
            "Sales": "449",
            "Retail_Price": "225",
            "Averge_Sale_Price": "613",
            "Highest_Price": "1470",
            "Lowest_Price": "450",
            "Release_Date": "2018-01-17",
            "id": 451
        },
        {
            "Name": "Jordan 4 Retro Thunder (2012)",
            "Sales": "454",
            "Retail_Price": "160",
            "Averge_Sale_Price": "289",
            "Highest_Price": "500",
            "Lowest_Price": "150",
            "Release_Date": "2012-12-22",
            "id": 452
        },
        {
            "Name": "Jordan 8 Retro Black Cement",
            "Sales": "451",
            "Retail_Price": "190",
            "Averge_Sale_Price": "170",
            "Highest_Price": "250",
            "Lowest_Price": "120",
            "Release_Date": "2017-09-16",
            "id": 453
        },
        {
            "Name": "Jordan XXXIII Blackout",
            "Sales": "462",
            "Retail_Price": "175",
            "Averge_Sale_Price": "165",
            "Highest_Price": "300",
            "Lowest_Price": "88",
            "Release_Date": "2018-11-29",
            "id": 454
        },
        {
            "Name": "Jordan 9 Retro Kobe Bryant PE",
            "Sales": "437",
            "Retail_Price": "190",
            "Averge_Sale_Price": "180",
            "Highest_Price": "260",
            "Lowest_Price": "75",
            "Release_Date": "2016-11-19",
            "id": 455
        },
        {
            "Name": "Jordan 18 Retro Toro",
            "Sales": "433",
            "Retail_Price": "225",
            "Averge_Sale_Price": "223",
            "Highest_Price": "350",
            "Lowest_Price": "121",
            "Release_Date": "2018-04-07",
            "id": 456
        },
        {
            "Name": "Jordan 4 Retro Bred 2019 (TD)",
            "Sales": "419",
            "Retail_Price": "60",
            "Averge_Sale_Price": "67",
            "Highest_Price": "125",
            "Lowest_Price": "40",
            "Release_Date": "2019-05-04",
            "id": 457
        },
        {
            "Name": "Jordan 1 Retro White Perforated",
            "Sales": "414",
            "Retail_Price": "160",
            "Averge_Sale_Price": "108",
            "Highest_Price": "294",
            "Lowest_Price": "55",
            "Release_Date": "2017-02-04",
            "id": 458
        },
        {
            "Name": "Jordan 8 Retro Bugs Bunny (2013)",
            "Sales": "413",
            "Retail_Price": "160",
            "Averge_Sale_Price": "195",
            "Highest_Price": "287",
            "Lowest_Price": "85",
            "Release_Date": "2013-04-20",
            "id": 459
        },
        {
            "Name": "Jordan 13 Retro Chris Paul Away",
            "Sales": "410",
            "Retail_Price": "200",
            "Averge_Sale_Price": "168",
            "Highest_Price": "240",
            "Lowest_Price": "107",
            "Release_Date": "2015-11-07",
            "id": 460
        },
        {
            "Name": "Jordan 5 Retro Poison Green",
            "Sales": "389",
            "Retail_Price": "190",
            "Averge_Sale_Price": "183",
            "Highest_Price": "300",
            "Lowest_Price": "70",
            "Release_Date": "2015-06-06",
            "id": 461
        },
        {
            "Name": "Jordan 3 Retro Fire Red (2013)",
            "Sales": "391",
            "Retail_Price": "160",
            "Averge_Sale_Price": "193",
            "Highest_Price": "249",
            "Lowest_Price": "121",
            "Release_Date": "2013-08-03",
            "id": 462
        },
        {
            "Name": "Jordan 11 Retro Low IE Volt",
            "Sales": "369",
            "Retail_Price": "170",
            "Averge_Sale_Price": "137",
            "Highest_Price": "250",
            "Lowest_Price": "60",
            "Release_Date": "2018-08-16",
            "id": 463
        },
        {
            "Name": "Jordan 4 Retro Dunk From Above",
            "Sales": "372",
            "Retail_Price": "190",
            "Averge_Sale_Price": "167",
            "Highest_Price": "234",
            "Lowest_Price": "101",
            "Release_Date": "2016-03-19",
            "id": 464
        },
        {
            "Name": "Jordan 8 Retro Playoffs (2013)",
            "Sales": "358",
            "Retail_Price": "160",
            "Averge_Sale_Price": "223",
            "Highest_Price": "320",
            "Lowest_Price": "130",
            "Release_Date": "2013-06-29",
            "id": 465
        },
        {
            "Name": "Jordan 7 Retro French Blue (2015)",
            "Sales": "348",
            "Retail_Price": "190",
            "Averge_Sale_Price": "168",
            "Highest_Price": "258",
            "Lowest_Price": "75",
            "Release_Date": "2015-01-24",
            "id": 466
        },
        {
            "Name": "Jordan 5 Retro Low Neymar",
            "Sales": "316",
            "Retail_Price": "200",
            "Averge_Sale_Price": "250",
            "Highest_Price": "425",
            "Lowest_Price": "135",
            "Release_Date": "2016-06-03",
            "id": 467
        },
        {
            "Name": "Jordan 5 Retro Premium Wine",
            "Sales": "312",
            "Retail_Price": "400",
            "Averge_Sale_Price": "227",
            "Highest_Price": "450",
            "Lowest_Price": "120",
            "Release_Date": "2017-12-14",
            "id": 468
        },
        {
            "Name": "Jordan 5 Retro Black Grape (2013)",
            "Sales": "313",
            "Retail_Price": "160",
            "Averge_Sale_Price": "260",
            "Highest_Price": "380",
            "Lowest_Price": "170",
            "Release_Date": "2013-06-15",
            "id": 469
        },
        {
            "Name": "Jordan 4 Retro Teal",
            "Sales": "303",
            "Retail_Price": "190",
            "Averge_Sale_Price": "164",
            "Highest_Price": "280",
            "Lowest_Price": "100",
            "Release_Date": "2015-03-14",
            "id": 470
        },
        {
            "Name": "Jordan 12 Retro Wool",
            "Sales": "301",
            "Retail_Price": "200",
            "Averge_Sale_Price": "190",
            "Highest_Price": "279",
            "Lowest_Price": "101",
            "Release_Date": "2016-10-01",
            "id": 471
        },
        {
            "Name": "Jordan 3 Retro Golf White Cement",
            "Sales": "299",
            "Retail_Price": "200",
            "Averge_Sale_Price": "408",
            "Highest_Price": "950",
            "Lowest_Price": "250",
            "Release_Date": "2017-02-10",
            "id": 472
        },
        {
            "Name": "Jordan 7 Retro Raptors (2012)",
            "Sales": "297",
            "Retail_Price": "160",
            "Averge_Sale_Price": "264",
            "Highest_Price": "360",
            "Lowest_Price": "147",
            "Release_Date": "2012-09-01",
            "id": 473
        },
        {
            "Name": "Jordan 6 Retro Infrared 23 (Toro)",
            "Sales": "296",
            "Retail_Price": "170",
            "Averge_Sale_Price": "277",
            "Highest_Price": "367",
            "Lowest_Price": "171",
            "Release_Date": "2014-02-15",
            "id": 474
        },
        {
            "Name": "Jordan 6 Retro White Laser Fuchsia Green Abyss (GS)",
            "Sales": "296",
            "Retail_Price": "140",
            "Averge_Sale_Price": "112",
            "Highest_Price": "185",
            "Lowest_Price": "71",
            "Release_Date": "2019-03-02",
            "id": 475
        },
        {
            "Name": "Jordan 17 Retro Copper (2016)",
            "Sales": "263",
            "Retail_Price": "250",
            "Averge_Sale_Price": "166",
            "Highest_Price": "250",
            "Lowest_Price": "105",
            "Release_Date": "2016-04-09",
            "id": 476
        },
        {
            "Name": "Jordan 7 Retro Barcelona Days",
            "Sales": "262",
            "Retail_Price": "190",
            "Averge_Sale_Price": "172",
            "Highest_Price": "249",
            "Lowest_Price": "95",
            "Release_Date": "2015-04-25",
            "id": 477
        },
        {
            "Name": "Jordan 13 Retro He Got Game (2013)",
            "Sales": "248",
            "Retail_Price": "170",
            "Averge_Sale_Price": "218",
            "Highest_Price": "445",
            "Lowest_Price": "131",
            "Release_Date": "2013-03-16",
            "id": 478
        },
        {
            "Name": "Jordan 13 Retro Barons Hologram",
            "Sales": "243",
            "Retail_Price": "185",
            "Averge_Sale_Price": "215",
            "Highest_Price": "329",
            "Lowest_Price": "120",
            "Release_Date": "2014-10-25",
            "id": 479
        },
        {
            "Name": "Jordan 10 Retro Chicago Bulls (2012)",
            "Sales": "231",
            "Retail_Price": "160",
            "Averge_Sale_Price": "169",
            "Highest_Price": "280",
            "Lowest_Price": "110",
            "Release_Date": "2012-01-21",
            "id": 480
        },
        {
            "Name": "Jordan 11 Retro Pantone",
            "Sales": "223",
            "Retail_Price": "250",
            "Averge_Sale_Price": "412",
            "Highest_Price": "600",
            "Lowest_Price": "299",
            "Release_Date": "2014-12-23",
            "id": 481
        },
        {
            "Name": "Jordan XXXIII Chinese New Year (2019)",
            "Sales": "217",
            "Retail_Price": "175",
            "Averge_Sale_Price": "180",
            "Highest_Price": "381",
            "Lowest_Price": "100",
            "Release_Date": "2019-02-05",
            "id": 482
        },
        {
            "Name": "Jordan 5 Retro Take Flight",
            "Sales": "216",
            "Retail_Price": "400",
            "Averge_Sale_Price": "214",
            "Highest_Price": "330",
            "Lowest_Price": "115",
            "Release_Date": "2017-02-11",
            "id": 483
        },
        {
            "Name": "Jordan 12 Retro Low Wolf Grey",
            "Sales": "207",
            "Retail_Price": "170",
            "Averge_Sale_Price": "168",
            "Highest_Price": "289",
            "Lowest_Price": "103",
            "Release_Date": "2017-03-18",
            "id": 484
        },
        {
            "Name": "Jordan 5 Retro Low Alternate 90",
            "Sales": "190",
            "Retail_Price": "175",
            "Averge_Sale_Price": "176",
            "Highest_Price": "275",
            "Lowest_Price": "100",
            "Release_Date": "2016-01-30",
            "id": 485
        },
        {
            "Name": "Jordan 4 Retro Fire Red Mars Blackmon",
            "Sales": "180",
            "Retail_Price": "115",
            "Averge_Sale_Price": "244",
            "Highest_Price": "355",
            "Lowest_Price": "190",
            "Release_Date": "2006-07-22",
            "id": 486
        },
        {
            "Name": "Jordan 1 Retro Carmine (2014)",
            "Sales": "170",
            "Retail_Price": "140",
            "Averge_Sale_Price": "249",
            "Highest_Price": "365",
            "Lowest_Price": "160",
            "Release_Date": "2014-05-24",
            "id": 487
        },
        {
            "Name": "Jordan 1 Retro High Gatorade Blue Lagoon (GS)",
            "Sales": "168",
            "Retail_Price": "150",
            "Averge_Sale_Price": "87",
            "Highest_Price": "278",
            "Lowest_Price": "40",
            "Release_Date": "2017-12-26",
            "id": 488
        },
        {
            "Name": "Jordan 1 Retro High Flyknit Black History Month (2018)",
            "Sales": "166",
            "Retail_Price": "180",
            "Averge_Sale_Price": "126",
            "Highest_Price": "250",
            "Lowest_Price": "70",
            "Release_Date": "2018-02-01",
            "id": 489
        },
        {
            "Name": "Jordan 1 Retro Chicago 2015 (GS)",
            "Sales": "164",
            "Retail_Price": "120",
            "Averge_Sale_Price": "558",
            "Highest_Price": "1000",
            "Lowest_Price": "340",
            "Release_Date": "2015-05-30",
            "id": 490
        },
        {
            "Name": "Jordan 2 Retro Dark Concord",
            "Sales": "160",
            "Retail_Price": "150",
            "Averge_Sale_Price": "125",
            "Highest_Price": "200",
            "Lowest_Price": "55",
            "Release_Date": "2014-05-10",
            "id": 491
        },
        {
            "Name": "Jordan 12 Retro Cherry (2009)",
            "Sales": "144",
            "Retail_Price": "150",
            "Averge_Sale_Price": "389",
            "Highest_Price": "600",
            "Lowest_Price": "235",
            "Release_Date": "2009-12-19",
            "id": 492
        },
        {
            "Name": "Jordan 1.5 Retro Bred",
            "Sales": "144",
            "Retail_Price": "150",
            "Averge_Sale_Price": "189",
            "Highest_Price": "319",
            "Lowest_Price": "105",
            "Release_Date": "2015-11-21",
            "id": 493
        },
        {
            "Name": "Jordan 11 Retro Low Barons (GS)",
            "Sales": "128",
            "Retail_Price": "130",
            "Averge_Sale_Price": "184",
            "Highest_Price": "275",
            "Lowest_Price": "92",
            "Release_Date": "2017-05-27",
            "id": 494
        },
        {
            "Name": "Jordan 1 Mid University Gold Black",
            "Sales": "131",
            "Retail_Price": "110",
            "Averge_Sale_Price": "94",
            "Highest_Price": "180",
            "Lowest_Price": "66",
            "Release_Date": "2019-04-01",
            "id": 495
        },
        {
            "Name": "Jordan 11 Retro Playoffs (2001)",
            "Sales": "102",
            "Retail_Price": "125",
            "Averge_Sale_Price": "363",
            "Highest_Price": "500",
            "Lowest_Price": "225",
            "Release_Date": "2001-12-22",
            "id": 496
        },
        {
            "Name": "Jordan 11 Retro Low Snake Navy 2019 (TD)",
            "Sales": "99",
            "Retail_Price": "55",
            "Averge_Sale_Price": "61",
            "Highest_Price": "120",
            "Lowest_Price": "39",
            "Release_Date": "2019-04-19",
            "id": 497
        },
        {
            "Name": "Jordan 1 Retro High Flyknit Shadow (GS)",
            "Sales": "96",
            "Retail_Price": "140",
            "Averge_Sale_Price": "76",
            "Highest_Price": "125",
            "Lowest_Price": "52",
            "Release_Date": "2018-01-13",
            "id": 498
        },
        {
            "Name": "Jordan 6 Retro Golden Moments Pack (6/7)",
            "Sales": "91",
            "Retail_Price": "175",
            "Averge_Sale_Price": "238",
            "Highest_Price": "355",
            "Lowest_Price": "165",
            "Release_Date": "2012-08-18",
            "id": 499
        },
        {
            "Name": "Jordan 3 Retro White Cement (2003)",
            "Sales": "76",
            "Retail_Price": "100",
            "Averge_Sale_Price": "270",
            "Highest_Price": "450",
            "Lowest_Price": "120",
            "Release_Date": "2003-04-19",
            "id": 500
        },
        {
            "Name": "Jordan Countdown Pack 7/16",
            "Sales": "68",
            "Retail_Price": "310",
            "Averge_Sale_Price": "366",
            "Highest_Price": "490",
            "Lowest_Price": "220",
            "Release_Date": "2008-06-21",
            "id": 501
        },
        {
            "Name": "Jordan Proto React Black White",
            "Sales": "66",
            "Retail_Price": "150",
            "Averge_Sale_Price": "104",
            "Highest_Price": "210",
            "Lowest_Price": "65",
            "Release_Date": "2019-03-08",
            "id": 502
        },
        {
            "Name": "Jordan 23 Solefly Florida Marlins",
            "Sales": "57",
            "Retail_Price": "275",
            "Averge_Sale_Price": "237",
            "Highest_Price": "346",
            "Lowest_Price": "141",
            "Release_Date": "2016-10-22",
            "id": 503
        },
        {
            "Name": "Jordan 1 Retro High Double Strap Black Sail",
            "Sales": "49",
            "Retail_Price": "140",
            "Averge_Sale_Price": "83",
            "Highest_Price": "190",
            "Lowest_Price": "53",
            "Release_Date": "2018-09-01",
            "id": 504
        },
        {
            "Name": "Jordan 1 Retro High Double Strap Black Gym Red",
            "Sales": "44",
            "Retail_Price": "140",
            "Averge_Sale_Price": "101",
            "Highest_Price": "200",
            "Lowest_Price": "45",
            "Release_Date": "2019-01-07",
            "id": 505
        },
        {
            "Name": "Jordan 1 Cargo Black White",
            "Sales": "42",
            "Retail_Price": "130",
            "Averge_Sale_Price": "161",
            "Highest_Price": "200",
            "Lowest_Price": "104",
            "Release_Date": "2002-05-01",
            "id": 506
        },
        {
            "Name": "Jordan 8 Retro Chrome 2015 (GS)",
            "Sales": "32",
            "Retail_Price": "140",
            "Averge_Sale_Price": "144",
            "Highest_Price": "225",
            "Lowest_Price": "80",
            "Release_Date": "2015-12-19",
            "id": 507
        },
        {
            "Name": "Jordan 10 Retro Steel (GS)",
            "Sales": "27",
            "Retail_Price": "150",
            "Averge_Sale_Price": "97",
            "Highest_Price": "165",
            "Lowest_Price": "40",
            "Release_Date": "2002-05-01",
            "id": 508
        },
        {
            "Name": "Jordan 1.5 Retro Sand Dune",
            "Sales": "22",
            "Retail_Price": "150",
            "Averge_Sale_Price": "115",
            "Highest_Price": "225",
            "Lowest_Price": "60",
            "Release_Date": "2015-12-12",
            "id": 509
        },
        {
            "Name": "Jordan 11 OG Playoffs (1995)",
            "Sales": "21",
            "Retail_Price": "125",
            "Averge_Sale_Price": "421",
            "Highest_Price": "750",
            "Lowest_Price": "275",
            "Release_Date": "1995-01-01",
            "id": 510
        },
        {
            "Name": "Jordan Jumpman Pro Black Gym Red University Blue",
            "Sales": "12",
            "Retail_Price": "140",
            "Averge_Sale_Price": "106",
            "Highest_Price": "150",
            "Lowest_Price": "56",
            "Release_Date": "2019-05-02",
            "id": 511
        },
        {
            "Name": "Jordan 11 Retro Low IE Space Jam",
            "Sales": "15",
            "Retail_Price": "170",
            "Averge_Sale_Price": "217",
            "Highest_Price": "300",
            "Lowest_Price": "101",
            "Release_Date": "2019-07-13",
            "id": 512
        },
        {
            "Name": "Jordan 1 Retro High Pine Green (GS)",
            "Sales": "2626",
            "Retail_Price": "120",
            "Averge_Sale_Price": "271",
            "Highest_Price": "400",
            "Lowest_Price": "200",
            "Release_Date": "2018-09-22",
            "id": 513
        },
        {
            "Name": "Jordan 9 Retro Dream It Do It (GS)",
            "Sales": "1724",
            "Retail_Price": "140",
            "Averge_Sale_Price": "161",
            "Highest_Price": "260",
            "Lowest_Price": "70",
            "Release_Date": "2019-03-09",
            "id": 514
        },
        {
            "Name": "Jordan 1 Mid Team Orange Black (GS)",
            "Sales": "1487",
            "Retail_Price": "100",
            "Averge_Sale_Price": "167",
            "Highest_Price": "319",
            "Lowest_Price": "101",
            "Release_Date": "2018-12-18",
            "id": 515
        },
        {
            "Name": "Jordan Legacy 312 Ghost Green",
            "Sales": "1299",
            "Retail_Price": "160",
            "Averge_Sale_Price": "170",
            "Highest_Price": "800",
            "Lowest_Price": "40",
            "Release_Date": "2018-07-14",
            "id": 516
        },
        {
            "Name": "Jordan 1 Rebel XX Chicago (W)",
            "Sales": "1272",
            "Retail_Price": "145",
            "Averge_Sale_Price": "174",
            "Highest_Price": "345",
            "Lowest_Price": "83",
            "Release_Date": "2018-05-19",
            "id": 517
        },
        {
            "Name": "Jordan 12 Retro Chris Paul Class Of 2003",
            "Sales": "1254",
            "Retail_Price": "190",
            "Averge_Sale_Price": "182",
            "Highest_Price": "310",
            "Lowest_Price": "100",
            "Release_Date": "2018-08-11",
            "id": 518
        },
        {
            "Name": "Jordan 4 Retro Levi's Black (Blank Tag)",
            "Sales": "984",
            "Retail_Price": "150",
            "Averge_Sale_Price": "284",
            "Highest_Price": "599",
            "Lowest_Price": "215",
            "Release_Date": "2018-06-30",
            "id": 519
        },
        {
            "Name": "Jordan 3 Retro AWOK Vogue Black (W)",
            "Sales": "999",
            "Retail_Price": "220",
            "Averge_Sale_Price": "162",
            "Highest_Price": "316",
            "Lowest_Price": "65",
            "Release_Date": "2018-09-07",
            "id": 520
        },
        {
            "Name": "Jordan 4 Retro Motorsports Alternate",
            "Sales": "917",
            "Retail_Price": "190",
            "Averge_Sale_Price": "185",
            "Highest_Price": "360",
            "Lowest_Price": "100",
            "Release_Date": "2017-06-17",
            "id": 521
        },
        {
            "Name": "Jordan 13 Retro Low Clot Black Red",
            "Sales": "906",
            "Retail_Price": "200",
            "Averge_Sale_Price": "321",
            "Highest_Price": "640",
            "Lowest_Price": "200",
            "Release_Date": "2018-12-22",
            "id": 522
        },
        {
            "Name": "Jordan 9 Retro Boot Black Concord",
            "Sales": "906",
            "Retail_Price": "225",
            "Averge_Sale_Price": "174",
            "Highest_Price": "300",
            "Lowest_Price": "100",
            "Release_Date": "2018-10-17",
            "id": 523
        },
        {
            "Name": "Jordan 1 Retro High OG Sail",
            "Sales": "856",
            "Retail_Price": "160",
            "Averge_Sale_Price": "189",
            "Highest_Price": "338",
            "Lowest_Price": "85",
            "Release_Date": "2017-06-20",
            "id": 524
        },
        {
            "Name": "Jordan 4 Retro Pure Money 2017 (GS)",
            "Sales": "836",
            "Retail_Price": "140",
            "Averge_Sale_Price": "168",
            "Highest_Price": "350",
            "Lowest_Price": "90",
            "Release_Date": "2017-05-13",
            "id": 525
        },
        {
            "Name": "Jordan 1 Retro Yin Yang Black",
            "Sales": "836",
            "Retail_Price": "160",
            "Averge_Sale_Price": "151",
            "Highest_Price": "282",
            "Lowest_Price": "66",
            "Release_Date": "2016-08-06",
            "id": 526
        },
        {
            "Name": "Jordan 4 Retro Sand 2017 (GS)",
            "Sales": "832",
            "Retail_Price": "140",
            "Averge_Sale_Price": "127",
            "Highest_Price": "245",
            "Lowest_Price": "40",
            "Release_Date": "2017-06-10",
            "id": 527
        },
        {
            "Name": "Jordan 1 Retro Metallic Red (2017)",
            "Sales": "825",
            "Retail_Price": "160",
            "Averge_Sale_Price": "166",
            "Highest_Price": "396",
            "Lowest_Price": "76",
            "Release_Date": "2017-05-06",
            "id": 528
        },
        {
            "Name": "Jordan 1 Mid True Berry Rush Pink (GS)",
            "Sales": "804",
            "Retail_Price": "90",
            "Averge_Sale_Price": "112",
            "Highest_Price": "180",
            "Lowest_Price": "64",
            "Release_Date": "2019-02-01",
            "id": 529
        },
        {
            "Name": "Jordan 1 Mid Reverse New Love",
            "Sales": "779",
            "Retail_Price": "110",
            "Averge_Sale_Price": "124",
            "Highest_Price": "226",
            "Lowest_Price": "60",
            "Release_Date": "2018-06-15",
            "id": 530
        },
        {
            "Name": "Jordan 9 Retro Pearl Blue (GS)",
            "Sales": "764",
            "Retail_Price": "140",
            "Averge_Sale_Price": "138",
            "Highest_Price": "200",
            "Lowest_Price": "80",
            "Release_Date": "2019-02-09",
            "id": 531
        },
        {
            "Name": "Jordan 3 Retro Golf Black Green Glow",
            "Sales": "697",
            "Retail_Price": "200",
            "Averge_Sale_Price": "249",
            "Highest_Price": "525",
            "Lowest_Price": "170",
            "Release_Date": "2018-08-10",
            "id": 532
        },
        {
            "Name": "Jordan 1 Retro High OG Sail (GS)",
            "Sales": "635",
            "Retail_Price": "120",
            "Averge_Sale_Price": "107",
            "Highest_Price": "177",
            "Lowest_Price": "40",
            "Release_Date": "2017-08-01",
            "id": 533
        },
        {
            "Name": "Jordan 3 Retro Hall of Fame (GS)",
            "Sales": "628",
            "Retail_Price": "140",
            "Averge_Sale_Price": "125",
            "Highest_Price": "200",
            "Lowest_Price": "60",
            "Release_Date": "2018-05-12",
            "id": 534
        },
        {
            "Name": "Jordan 7 Retro Pure Platinum",
            "Sales": "593",
            "Retail_Price": "190",
            "Averge_Sale_Price": "135",
            "Highest_Price": "230",
            "Lowest_Price": "70",
            "Release_Date": "2017-06-03",
            "id": 535
        },
        {
            "Name": "Jordan 1 Retro Mid New Love (2017)",
            "Sales": "568",
            "Retail_Price": "110",
            "Averge_Sale_Price": "301",
            "Highest_Price": "589",
            "Lowest_Price": "160",
            "Release_Date": "2017-06-01",
            "id": 536
        },
        {
            "Name": "Jordan 1 Retro High Think 16 (Pass the Torch)",
            "Sales": "544",
            "Retail_Price": "145",
            "Averge_Sale_Price": "1076",
            "Highest_Price": "4300",
            "Lowest_Price": "386",
            "Release_Date": "2018-04-28",
            "id": 537
        },
        {
            "Name": "Jordan 1 Retro High Gatorade Rush Violet",
            "Sales": "539",
            "Retail_Price": "175",
            "Averge_Sale_Price": "124",
            "Highest_Price": "425",
            "Lowest_Price": "77",
            "Release_Date": "2017-12-26",
            "id": 538
        },
        {
            "Name": "Jordan 11 Retro Concord 2018 (TD)",
            "Sales": "539",
            "Retail_Price": "70",
            "Averge_Sale_Price": "78",
            "Highest_Price": "157",
            "Lowest_Price": "40",
            "Release_Date": "2018-12-08",
            "id": 539
        },
        {
            "Name": "Jordan 2 Retro Melo (2018)",
            "Sales": "532",
            "Retail_Price": "190",
            "Averge_Sale_Price": "155",
            "Highest_Price": "300",
            "Lowest_Price": "90",
            "Release_Date": "2018-06-09",
            "id": 540
        },
        {
            "Name": "Jordan Defining Moments Pack Last Shot",
            "Sales": "525",
            "Retail_Price": "500",
            "Averge_Sale_Price": "347",
            "Highest_Price": "497",
            "Lowest_Price": "180",
            "Release_Date": "2017-06-14",
            "id": 541
        },
        {
            "Name": "Jordan 14 Retro Desert Sand",
            "Sales": "520",
            "Retail_Price": "190",
            "Averge_Sale_Price": "155",
            "Highest_Price": "270",
            "Lowest_Price": "90",
            "Release_Date": "2018-05-15",
            "id": 542
        },
        {
            "Name": "Jordan 8 Retro Take Flight",
            "Sales": "518",
            "Retail_Price": "190",
            "Averge_Sale_Price": "183",
            "Highest_Price": "250",
            "Lowest_Price": "123",
            "Release_Date": "2017-01-28",
            "id": 543
        },
        {
            "Name": "Jordan 13 Retro What Is Love Pack",
            "Sales": "491",
            "Retail_Price": "150",
            "Averge_Sale_Price": "204",
            "Highest_Price": "395",
            "Lowest_Price": "136",
            "Release_Date": "2016-11-11",
            "id": 544
        },
        {
            "Name": "Jordan 11 Retro Cool Grey (2010)",
            "Sales": "489",
            "Retail_Price": "175",
            "Averge_Sale_Price": "398",
            "Highest_Price": "1000",
            "Lowest_Price": "295",
            "Release_Date": "2010-12-23",
            "id": 545
        },
        {
            "Name": "Jordan 1 Retro Storm Blue",
            "Sales": "479",
            "Retail_Price": "160",
            "Averge_Sale_Price": "274",
            "Highest_Price": "512",
            "Lowest_Price": "143",
            "Release_Date": "2016-12-23",
            "id": 546
        },
        {
            "Name": "Jordan 1 Mid Multi-Color Swoosh (GS)",
            "Sales": "457",
            "Retail_Price": "90",
            "Averge_Sale_Price": "143",
            "Highest_Price": "301",
            "Lowest_Price": "86",
            "Release_Date": "2018-06-01",
            "id": 547
        },
        {
            "Name": "Jordan 1 Mid Crimson Pulse (GS)",
            "Sales": "449",
            "Retail_Price": "90",
            "Averge_Sale_Price": "99",
            "Highest_Price": "194",
            "Lowest_Price": "55",
            "Release_Date": "2018-07-01",
            "id": 548
        },
        {
            "Name": "Jordan 8 Retro Cool Grey",
            "Sales": "446",
            "Retail_Price": "190",
            "Averge_Sale_Price": "166",
            "Highest_Price": "335",
            "Lowest_Price": "70",
            "Release_Date": "2017-08-26",
            "id": 549
        },
        {
            "Name": "Jordan 1 Retro High OG Quai 54",
            "Sales": "426",
            "Retail_Price": "160",
            "Averge_Sale_Price": "200",
            "Highest_Price": "450",
            "Lowest_Price": "90",
            "Release_Date": "2017-07-08",
            "id": 550
        },
        {
            "Name": "Jordan 1 Retro High Shadow 2018 (PS)",
            "Sales": "398",
            "Retail_Price": "70",
            "Averge_Sale_Price": "77",
            "Highest_Price": "155",
            "Lowest_Price": "36",
            "Release_Date": "2018-04-14",
            "id": 551
        },
        {
            "Name": "Jordan 5 Retro Oreo",
            "Sales": "400",
            "Retail_Price": "170",
            "Averge_Sale_Price": "237",
            "Highest_Price": "350",
            "Lowest_Price": "150",
            "Release_Date": "2013-11-29",
            "id": 552
        },
        {
            "Name": "Jordan 11 Retro Cleat Concord",
            "Sales": "392",
            "Retail_Price": "125",
            "Averge_Sale_Price": "106",
            "Highest_Price": "250",
            "Lowest_Price": "50",
            "Release_Date": "2018-03-16",
            "id": 553
        },
        {
            "Name": "Jordan 1 Mid Black White (2018)",
            "Sales": "391",
            "Retail_Price": "110",
            "Averge_Sale_Price": "107",
            "Highest_Price": "300",
            "Lowest_Price": "40",
            "Release_Date": "2018-04-01",
            "id": 554
        },
        {
            "Name": "Jordan 4 Retro 11Lab4 Red",
            "Sales": "373",
            "Retail_Price": "250",
            "Averge_Sale_Price": "311",
            "Highest_Price": "796",
            "Lowest_Price": "125",
            "Release_Date": "2015-07-11",
            "id": 555
        },
        {
            "Name": "Jordan 13 Retro Alternate History of Flight (GS)",
            "Sales": "370",
            "Retail_Price": "140",
            "Averge_Sale_Price": "133",
            "Highest_Price": "260",
            "Lowest_Price": "75",
            "Release_Date": "2017-07-22",
            "id": 556
        },
        {
            "Name": "Jordan 1 Mid Reverse Bred",
            "Sales": "362",
            "Retail_Price": "105",
            "Averge_Sale_Price": "148",
            "Highest_Price": "230",
            "Lowest_Price": "105",
            "Release_Date": "2018-10-01",
            "id": 557
        },
        {
            "Name": "Jordan 11 Retro Heiress Night Maroon (GS)",
            "Sales": "355",
            "Retail_Price": "220",
            "Averge_Sale_Price": "286",
            "Highest_Price": "452",
            "Lowest_Price": "150",
            "Release_Date": "2016-12-17",
            "id": 558
        },
        {
            "Name": "Jordan 7 Retro Low Taxi",
            "Sales": "355",
            "Retail_Price": "150",
            "Averge_Sale_Price": "135",
            "Highest_Price": "229",
            "Lowest_Price": "87",
            "Release_Date": "2018-09-27",
            "id": 559
        },
        {
            "Name": "Jordan 1 Mid Royal Paint Splatter",
            "Sales": "350",
            "Retail_Price": "110",
            "Averge_Sale_Price": "115",
            "Highest_Price": "200",
            "Lowest_Price": "50",
            "Release_Date": "2018-03-22",
            "id": 560
        },
        {
            "Name": "Jordan 12 Retro Chinese New Year 2019 (GS)",
            "Sales": "343",
            "Retail_Price": "170",
            "Averge_Sale_Price": "186",
            "Highest_Price": "249",
            "Lowest_Price": "120",
            "Release_Date": "2019-02-05",
            "id": 561
        },
        {
            "Name": "Jordan Spizike Black Varsity Red (2017)",
            "Sales": "359",
            "Retail_Price": "175",
            "Averge_Sale_Price": "87",
            "Highest_Price": "175",
            "Lowest_Price": "54",
            "Release_Date": "2017-10-04",
            "id": 562
        },
        {
            "Name": "Jordan 1 Retro High Zip AWOK Vogue University Red (W)",
            "Sales": "339",
            "Retail_Price": "220",
            "Averge_Sale_Price": "300",
            "Highest_Price": "596",
            "Lowest_Price": "180",
            "Release_Date": "2018-07-21",
            "id": 563
        },
        {
            "Name": "Jordan 11 Retro Space Jam (2009)",
            "Sales": "333",
            "Retail_Price": "175",
            "Averge_Sale_Price": "330",
            "Highest_Price": "460",
            "Lowest_Price": "240",
            "Release_Date": "2009-12-23",
            "id": 564
        },
        {
            "Name": "Jordan 10 Retro New York City (2016)",
            "Sales": "325",
            "Retail_Price": "190",
            "Averge_Sale_Price": "130",
            "Highest_Price": "250",
            "Lowest_Price": "81",
            "Release_Date": "2016-04-27",
            "id": 565
        },
        {
            "Name": "Jordan 1 Retro Hare Jordan (2015)",
            "Sales": "323",
            "Retail_Price": "125",
            "Averge_Sale_Price": "180",
            "Highest_Price": "300",
            "Lowest_Price": "100",
            "Release_Date": "2015-04-04",
            "id": 566
        },
        {
            "Name": "Jordan XXXIII Visible Utility",
            "Sales": "309",
            "Retail_Price": "175",
            "Averge_Sale_Price": "171",
            "Highest_Price": "300",
            "Lowest_Price": "100",
            "Release_Date": "2018-11-16",
            "id": 567
        },
        {
            "Name": "Jordan XXXII Low Last Shot",
            "Sales": "304",
            "Retail_Price": "160",
            "Averge_Sale_Price": "101",
            "Highest_Price": "228",
            "Lowest_Price": "65",
            "Release_Date": "2018-06-09",
            "id": 568
        },
        {
            "Name": "Jordan 12 Retro Doernbecher (2017)",
            "Sales": "293",
            "Retail_Price": "190",
            "Averge_Sale_Price": "270",
            "Highest_Price": "350",
            "Lowest_Price": "200",
            "Release_Date": "2017-11-18",
            "id": 569
        },
        {
            "Name": "Jordan Legacy 312 Black Gold Patent",
            "Sales": "293",
            "Retail_Price": "150",
            "Averge_Sale_Price": "98",
            "Highest_Price": "250",
            "Lowest_Price": "66",
            "Release_Date": "2002-05-01",
            "id": 570
        },
        {
            "Name": "Jordan 8 Retro Alternate",
            "Sales": "287",
            "Retail_Price": "190",
            "Averge_Sale_Price": "194",
            "Highest_Price": "299",
            "Lowest_Price": "106",
            "Release_Date": "2017-02-25",
            "id": 571
        },
        {
            "Name": "Jordan 4 Retro Columbia 2015 (GS)",
            "Sales": "284",
            "Retail_Price": "140",
            "Averge_Sale_Price": "143",
            "Highest_Price": "209",
            "Lowest_Price": "85",
            "Release_Date": "2015-01-10",
            "id": 572
        },
        {
            "Name": "Jordan XXXII Russell Westbrook OKC",
            "Sales": "279",
            "Retail_Price": "185",
            "Averge_Sale_Price": "101",
            "Highest_Price": "155",
            "Lowest_Price": "70",
            "Release_Date": "2017-11-22",
            "id": 573
        },
        {
            "Name": "Jordan 6 Retro Black Infrared 2019 (TD)",
            "Sales": "280",
            "Retail_Price": "60",
            "Averge_Sale_Price": "66",
            "Highest_Price": "99",
            "Lowest_Price": "40",
            "Release_Date": "2019-02-16",
            "id": 574
        },
        {
            "Name": "Jordan 6 Retro Low Infrared White",
            "Sales": "277",
            "Retail_Price": "175",
            "Averge_Sale_Price": "196",
            "Highest_Price": "380",
            "Lowest_Price": "93",
            "Release_Date": "2015-07-04",
            "id": 575
        },
        {
            "Name": "Jordan 11 Retro Low Golf Safari Bred",
            "Sales": "277",
            "Retail_Price": "200",
            "Averge_Sale_Price": "489",
            "Highest_Price": "1000",
            "Lowest_Price": "355",
            "Release_Date": "2019-05-17",
            "id": 576
        },
        {
            "Name": "Jordan 11 Retro Low University Blue (GS)",
            "Sales": "264",
            "Retail_Price": "130",
            "Averge_Sale_Price": "170",
            "Highest_Price": "250",
            "Lowest_Price": "80",
            "Release_Date": "2017-04-15",
            "id": 577
        },
        {
            "Name": "Jordan 12 Retro Gamma Blue",
            "Sales": "259",
            "Retail_Price": "170",
            "Averge_Sale_Price": "315",
            "Highest_Price": "465",
            "Lowest_Price": "140",
            "Release_Date": "2013-12-26",
            "id": 578
        },
        {
            "Name": "Jordan 11 Retro Low Heiress Pure Platinum (GS)",
            "Sales": "258",
            "Retail_Price": "175",
            "Averge_Sale_Price": "155",
            "Highest_Price": "250",
            "Lowest_Price": "85",
            "Release_Date": "2017-05-20",
            "id": 579
        },
        {
            "Name": "Jordan 4 Retro Laser Black Gum (GS)",
            "Sales": "250",
            "Retail_Price": "150",
            "Averge_Sale_Price": "95",
            "Highest_Price": "175",
            "Lowest_Price": "60",
            "Release_Date": "2018-01-12",
            "id": 580
        },
        {
            "Name": "Jordan 11 Retro Cleat Black",
            "Sales": "248",
            "Retail_Price": "125",
            "Averge_Sale_Price": "85",
            "Highest_Price": "175",
            "Lowest_Price": "50",
            "Release_Date": "2018-03-16",
            "id": 581
        },
        {
            "Name": "Jordan 5 Retro Bel-Air",
            "Sales": "245",
            "Retail_Price": "185",
            "Averge_Sale_Price": "397",
            "Highest_Price": "600",
            "Lowest_Price": "318",
            "Release_Date": "2013-10-05",
            "id": 582
        },
        {
            "Name": "Jordan 6 Retro Slam Dunk",
            "Sales": "244",
            "Retail_Price": "250",
            "Averge_Sale_Price": "400",
            "Highest_Price": "650",
            "Lowest_Price": "270",
            "Release_Date": "2014-11-01",
            "id": 583
        },
        {
            "Name": "Jordan XXXII Black Cement",
            "Sales": "243",
            "Retail_Price": "185",
            "Averge_Sale_Price": "139",
            "Highest_Price": "258",
            "Lowest_Price": "88",
            "Release_Date": "2018-01-06",
            "id": 584
        },
        {
            "Name": "Jordan XXX1 Banned",
            "Sales": "242",
            "Retail_Price": "185",
            "Averge_Sale_Price": "152",
            "Highest_Price": "255",
            "Lowest_Price": "71",
            "Release_Date": "2016-09-03",
            "id": 585
        },
        {
            "Name": "Jordan 7 Retro Doernbecher",
            "Sales": "224",
            "Retail_Price": "190",
            "Averge_Sale_Price": "300",
            "Highest_Price": "550",
            "Lowest_Price": "210",
            "Release_Date": "2016-12-17",
            "id": 586
        },
        {
            "Name": "Jordan 4 Retro Tattoo 2018 (GS)",
            "Sales": "220",
            "Retail_Price": "160",
            "Averge_Sale_Price": "135",
            "Highest_Price": "250",
            "Lowest_Price": "70",
            "Release_Date": "2018-12-29",
            "id": 587
        },
        {
            "Name": "Jordan 1 Retro Dave White Wings for the Future",
            "Sales": "213",
            "Retail_Price": "175",
            "Averge_Sale_Price": "389",
            "Highest_Price": "925",
            "Lowest_Price": "200",
            "Release_Date": "2012-02-11",
            "id": 588
        },
        {
            "Name": "Jordan 13 Retro 3M Reflective Silver",
            "Sales": "210",
            "Retail_Price": "185",
            "Averge_Sale_Price": "192",
            "Highest_Price": "280",
            "Lowest_Price": "125",
            "Release_Date": "2014-10-04",
            "id": 589
        },
        {
            "Name": "Jordan 9 Retro Boot NRG Olive",
            "Sales": "205",
            "Retail_Price": "225",
            "Averge_Sale_Price": "195",
            "Highest_Price": "380",
            "Lowest_Price": "85",
            "Release_Date": "2017-12-06",
            "id": 590
        },
        {
            "Name": "Jordan 5 Retro 3Lab5 Infrared",
            "Sales": "204",
            "Retail_Price": "225",
            "Averge_Sale_Price": "179",
            "Highest_Price": "260",
            "Lowest_Price": "111",
            "Release_Date": "2013-12-31",
            "id": 591
        },
        {
            "Name": "Jordan 4 Retro Monsoon Blue (GS)",
            "Sales": "205",
            "Retail_Price": "150",
            "Averge_Sale_Price": "99",
            "Highest_Price": "155",
            "Lowest_Price": "70",
            "Release_Date": "2019-04-06",
            "id": 592
        },
        {
            "Name": "Jordan 1.5 Retro Reverse Fragment",
            "Sales": "203",
            "Retail_Price": "150",
            "Averge_Sale_Price": "132",
            "Highest_Price": "250",
            "Lowest_Price": "81",
            "Release_Date": "2015-10-17",
            "id": 593
        },
        {
            "Name": "Jordan 6 Retro Black Infrared 2019 (PS)",
            "Sales": "204",
            "Retail_Price": "80",
            "Averge_Sale_Price": "83",
            "Highest_Price": "127",
            "Lowest_Price": "40",
            "Release_Date": "2019-02-16",
            "id": 594
        },
        {
            "Name": "Jordan XX9 Pantone",
            "Sales": "196",
            "Retail_Price": "250",
            "Averge_Sale_Price": "113",
            "Highest_Price": "200",
            "Lowest_Price": "76",
            "Release_Date": "2014-12-23",
            "id": 595
        },
        {
            "Name": "Jordan 4 Retro Ginger Wheat",
            "Sales": "194",
            "Retail_Price": "400",
            "Averge_Sale_Price": "320",
            "Highest_Price": "500",
            "Lowest_Price": "150",
            "Release_Date": "2016-10-29",
            "id": 596
        },
        {
            "Name": "Jordan 1 SB Lance Mountain Black",
            "Sales": "193",
            "Retail_Price": "150",
            "Averge_Sale_Price": "359",
            "Highest_Price": "500",
            "Lowest_Price": "275",
            "Release_Date": "2014-06-07",
            "id": 597
        },
        {
            "Name": "Jordan 13 Retro Black White Gum (GS)",
            "Sales": "190",
            "Retail_Price": "140",
            "Averge_Sale_Price": "114",
            "Highest_Price": "225",
            "Lowest_Price": "75",
            "Release_Date": "2018-02-24",
            "id": 598
        },
        {
            "Name": "Jordan 13 Retro Bordeaux (GS)",
            "Sales": "186",
            "Retail_Price": "140",
            "Averge_Sale_Price": "137",
            "Highest_Price": "204",
            "Lowest_Price": "53",
            "Release_Date": "2017-10-28",
            "id": 599
        },
        {
            "Name": "Jordan 6 Retro Champagne",
            "Sales": "180",
            "Retail_Price": "250",
            "Averge_Sale_Price": "250",
            "Highest_Price": "338",
            "Lowest_Price": "140",
            "Release_Date": "2014-06-14",
            "id": 600
        },
        {
            "Name": "Jordan 12 Retro Dynamic Pink (GS)",
            "Sales": "185",
            "Retail_Price": "140",
            "Averge_Sale_Price": "157",
            "Highest_Price": "274",
            "Lowest_Price": "75",
            "Release_Date": "2016-03-05",
            "id": 601
        },
        {
            "Name": "Jordan 2 Retro Wing It",
            "Sales": "183",
            "Retail_Price": "190",
            "Averge_Sale_Price": "135",
            "Highest_Price": "250",
            "Lowest_Price": "45",
            "Release_Date": "2016-03-05",
            "id": 602
        },
        {
            "Name": "Jordan 1 Mid Black Dark Concord (GS)",
            "Sales": "175",
            "Retail_Price": "90",
            "Averge_Sale_Price": "81",
            "Highest_Price": "128",
            "Lowest_Price": "51",
            "Release_Date": "2018-12-01",
            "id": 603
        },
        {
            "Name": "Jordan 1 Retro Black Toe (2016) (GS)",
            "Sales": "175",
            "Retail_Price": "120",
            "Averge_Sale_Price": "459",
            "Highest_Price": "720",
            "Lowest_Price": "300",
            "Release_Date": "2016-11-05",
            "id": 604
        },
        {
            "Name": "Jordan 2 Retro Decon Thunder Blue",
            "Sales": "173",
            "Retail_Price": "160",
            "Averge_Sale_Price": "60",
            "Highest_Price": "100",
            "Lowest_Price": "39",
            "Release_Date": "2017-07-15",
            "id": 605
        },
        {
            "Name": "Jordan 8 Retro South Beach (GS)",
            "Sales": "173",
            "Retail_Price": "140",
            "Averge_Sale_Price": "111",
            "Highest_Price": "180",
            "Lowest_Price": "70",
            "Release_Date": "2018-10-13",
            "id": 606
        },
        {
            "Name": "Jordan 17 Retro Low SoleFly Alternate Lightning",
            "Sales": "168",
            "Retail_Price": "225",
            "Averge_Sale_Price": "325",
            "Highest_Price": "498",
            "Lowest_Price": "210",
            "Release_Date": "2018-02-24",
            "id": 607
        },
        {
            "Name": "Jordan 11 Retro Low White Red (2012)",
            "Sales": "173",
            "Retail_Price": "140",
            "Averge_Sale_Price": "237",
            "Highest_Price": "400",
            "Lowest_Price": "170",
            "Release_Date": "2012-05-05",
            "id": 608
        },
        {
            "Name": "Jordan 1 Retro High Flyknit Clay Green",
            "Sales": "168",
            "Retail_Price": "180",
            "Averge_Sale_Price": "129",
            "Highest_Price": "219",
            "Lowest_Price": "50",
            "Release_Date": "2018-05-05",
            "id": 609
        },
        {
            "Name": "Jordan 7 Retro Bordeaux 2015 (GS)",
            "Sales": "165",
            "Retail_Price": "140",
            "Averge_Sale_Price": "171",
            "Highest_Price": "250",
            "Lowest_Price": "98",
            "Release_Date": "2015-07-18",
            "id": 610
        },
        {
            "Name": "Jordan 1 Retro Mid Derek Jeter RE2PECT",
            "Sales": "163",
            "Retail_Price": "110",
            "Averge_Sale_Price": "118",
            "Highest_Price": "384",
            "Lowest_Price": "52",
            "Release_Date": "2017-07-26",
            "id": 611
        },
        {
            "Name": "Jordan 5 Retro Black Metallic (2011)",
            "Sales": "164",
            "Retail_Price": "150",
            "Averge_Sale_Price": "225",
            "Highest_Price": "335",
            "Lowest_Price": "130",
            "Release_Date": "2011-08-20",
            "id": 612
        },
        {
            "Name": "Jordan 5 Retro Wolf Grey",
            "Sales": "161",
            "Retail_Price": "150",
            "Averge_Sale_Price": "278",
            "Highest_Price": "399",
            "Lowest_Price": "200",
            "Release_Date": "2011-05-14",
            "id": 613
        },
        {
            "Name": "Jordan 3 Retro Fire Red (2007)",
            "Sales": "159",
            "Retail_Price": "125",
            "Averge_Sale_Price": "170",
            "Highest_Price": "250",
            "Lowest_Price": "100",
            "Release_Date": "2007-03-24",
            "id": 614
        },
        {
            "Name": "Jordan 11 Retro Low Bred (GS)",
            "Sales": "157",
            "Retail_Price": "120",
            "Averge_Sale_Price": "217",
            "Highest_Price": "320",
            "Lowest_Price": "167",
            "Release_Date": "2015-05-22",
            "id": 615
        },
        {
            "Name": "Jordan 4 Retro Valentine's Day 2019 (GS)",
            "Sales": "155",
            "Retail_Price": "140",
            "Averge_Sale_Price": "99",
            "Highest_Price": "160",
            "Lowest_Price": "55",
            "Release_Date": "2019-02-09",
            "id": 616
        },
        {
            "Name": "Jordan 11 Retro Low Georgetown (GS)",
            "Sales": "154",
            "Retail_Price": "120",
            "Averge_Sale_Price": "166",
            "Highest_Price": "199",
            "Lowest_Price": "132",
            "Release_Date": "2015-04-11",
            "id": 617
        },
        {
            "Name": "Jordan 12 Retro The Master (GS)",
            "Sales": "149",
            "Retail_Price": "140",
            "Averge_Sale_Price": "182",
            "Highest_Price": "275",
            "Lowest_Price": "101",
            "Release_Date": "2016-02-27",
            "id": 618
        },
        {
            "Name": "Jordan Why Not 0.2 BHM (2019)",
            "Sales": "146",
            "Retail_Price": "125",
            "Averge_Sale_Price": "135",
            "Highest_Price": "200",
            "Lowest_Price": "81",
            "Release_Date": "2019-02-02",
            "id": 619
        },
        {
            "Name": "Jordan 6 Retro Low Sunblush (GS)",
            "Sales": "146",
            "Retail_Price": "120",
            "Averge_Sale_Price": "108",
            "Highest_Price": "209",
            "Lowest_Price": "62",
            "Release_Date": "2017-09-30",
            "id": 620
        },
        {
            "Name": "Jordan Ultimate Gift of Flight (11/29)",
            "Sales": "143",
            "Retail_Price": "500",
            "Averge_Sale_Price": "417",
            "Highest_Price": "575",
            "Lowest_Price": "301",
            "Release_Date": "2014-12-23",
            "id": 621
        },
        {
            "Name": "Jordan 1 Retro Black Royal Blue (2013)",
            "Sales": "139",
            "Retail_Price": "140",
            "Averge_Sale_Price": "309",
            "Highest_Price": "499",
            "Lowest_Price": "190",
            "Release_Date": "2013-02-16",
            "id": 622
        },
        {
            "Name": "Jordan 4 Retro Military Blue (2006)",
            "Sales": "128",
            "Retail_Price": "115",
            "Averge_Sale_Price": "216",
            "Highest_Price": "399",
            "Lowest_Price": "160",
            "Release_Date": "2006-09-09",
            "id": 623
        },
        {
            "Name": "Jordan 1 SB Craig Stecyk Black Silver",
            "Sales": "128",
            "Retail_Price": "150",
            "Averge_Sale_Price": "185",
            "Highest_Price": "269",
            "Lowest_Price": "119",
            "Release_Date": "2014-03-15",
            "id": 624
        },
        {
            "Name": "Jordan 1 Retro Low Pinnacle Metallic Silver",
            "Sales": "126",
            "Retail_Price": "160",
            "Averge_Sale_Price": "84",
            "Highest_Price": "350",
            "Lowest_Price": "40",
            "Release_Date": "2016-10-22",
            "id": 625
        },
        {
            "Name": "Jordan 12 Retro Low Max Orange",
            "Sales": "126",
            "Retail_Price": "170",
            "Averge_Sale_Price": "140",
            "Highest_Price": "226",
            "Lowest_Price": "89",
            "Release_Date": "2017-01-14",
            "id": 626
        },
        {
            "Name": "Jordan 1 Retro Dover Street Market",
            "Sales": "123",
            "Retail_Price": "185",
            "Averge_Sale_Price": "204",
            "Highest_Price": "350",
            "Lowest_Price": "125",
            "Release_Date": "2015-04-16",
            "id": 627
        },
        {
            "Name": "Jordan 1 Retro KO Sail (2016)",
            "Sales": "123",
            "Retail_Price": "140",
            "Averge_Sale_Price": "107",
            "Highest_Price": "220",
            "Lowest_Price": "33",
            "Release_Date": "2016-03-05",
            "id": 628
        },
        {
            "Name": "Jordan 12 Retro Chinese New Year (GS)",
            "Sales": "122",
            "Retail_Price": "160",
            "Averge_Sale_Price": "179",
            "Highest_Price": "340",
            "Lowest_Price": "50",
            "Release_Date": "2017-01-28",
            "id": 629
        },
        {
            "Name": "Jordan 1 Retro AJKO Royal",
            "Sales": "120",
            "Retail_Price": "140",
            "Averge_Sale_Price": "99",
            "Highest_Price": "199",
            "Lowest_Price": "37",
            "Release_Date": "2014-08-23",
            "id": 630
        },
        {
            "Name": "Jordan 5 Retro Low Dunk From Above",
            "Sales": "119",
            "Retail_Price": "175",
            "Averge_Sale_Price": "136",
            "Highest_Price": "206",
            "Lowest_Price": "87",
            "Release_Date": "2016-02-20",
            "id": 631
        },
        {
            "Name": "Jordan Legacy 312 Black Camo Green",
            "Sales": "115",
            "Retail_Price": "150",
            "Averge_Sale_Price": "96",
            "Highest_Price": "250",
            "Lowest_Price": "69",
            "Release_Date": "2019-01-01",
            "id": 632
        },
        {
            "Name": "Jordan 5 Retro Heiress Camo (GS)",
            "Sales": "114",
            "Retail_Price": "160",
            "Averge_Sale_Price": "72",
            "Highest_Price": "123",
            "Lowest_Price": "30",
            "Release_Date": "2017-09-16",
            "id": 633
        },
        {
            "Name": "Jordan 7 Retro Ray Allen Bucks (GS)",
            "Sales": "111",
            "Retail_Price": "140",
            "Averge_Sale_Price": "106",
            "Highest_Price": "169",
            "Lowest_Price": "70",
            "Release_Date": "2019-06-01",
            "id": 634
        },
        {
            "Name": "Jordan 15 Retro Obsidian",
            "Sales": "105",
            "Retail_Price": "190",
            "Averge_Sale_Price": "143",
            "Highest_Price": "230",
            "Lowest_Price": "77",
            "Release_Date": "2017-03-04",
            "id": 635
        },
        {
            "Name": "Jordan XXXII Pure Platinum 2",
            "Sales": "101",
            "Retail_Price": "185",
            "Averge_Sale_Price": "104",
            "Highest_Price": "190",
            "Lowest_Price": "66",
            "Release_Date": "2018-01-01",
            "id": 636
        },
        {
            "Name": "Jordan 10 Retro Bobcats",
            "Sales": "101",
            "Retail_Price": "170",
            "Averge_Sale_Price": "141",
            "Highest_Price": "199",
            "Lowest_Price": "85",
            "Release_Date": "2014-01-11",
            "id": 637
        },
        {
            "Name": "Jordan 11 Retro Playoffs 2012 (GS)",
            "Sales": "100",
            "Retail_Price": "120",
            "Averge_Sale_Price": "351",
            "Highest_Price": "500",
            "Lowest_Price": "184",
            "Release_Date": "2012-12-21",
            "id": 638
        },
        {
            "Name": "Jordan 13 Retro MCS Cleat Barons",
            "Sales": "97",
            "Retail_Price": "100",
            "Averge_Sale_Price": "85",
            "Highest_Price": "160",
            "Lowest_Price": "50",
            "Release_Date": "2018-10-01",
            "id": 639
        },
        {
            "Name": "Jordan 1 Retro Reverse Shattered Backboard (GS)",
            "Sales": "88",
            "Retail_Price": "120",
            "Averge_Sale_Price": "485",
            "Highest_Price": "650",
            "Lowest_Price": "360",
            "Release_Date": "2016-10-08",
            "id": 640
        },
        {
            "Name": "Jordan Defining Moments Pack (6/11)",
            "Sales": "87",
            "Retail_Price": "296",
            "Averge_Sale_Price": "863",
            "Highest_Price": "1200",
            "Lowest_Price": "613",
            "Release_Date": "2006-01-28",
            "id": 641
        },
        {
            "Name": "Jordan 3 Retro Golf Brown",
            "Sales": "86",
            "Retail_Price": "225",
            "Averge_Sale_Price": "249",
            "Highest_Price": "420",
            "Lowest_Price": "180",
            "Release_Date": "2018-02-16",
            "id": 642
        },
        {
            "Name": "Jordan 1 Retro Mid New Love 2017 (TD)",
            "Sales": "85",
            "Retail_Price": "50",
            "Averge_Sale_Price": "61",
            "Highest_Price": "105",
            "Lowest_Price": "32",
            "Release_Date": "2017-05-08",
            "id": 643
        },
        {
            "Name": "Jordan 6 Retro Oreo",
            "Sales": "83",
            "Retail_Price": "150",
            "Averge_Sale_Price": "308",
            "Highest_Price": "480",
            "Lowest_Price": "195",
            "Release_Date": "2010-03-20",
            "id": 644
        },
        {
            "Name": "Jordan 4 Retro Flight Nostalgia (TD)",
            "Sales": "83",
            "Retail_Price": "60",
            "Averge_Sale_Price": "49",
            "Highest_Price": "80",
            "Lowest_Price": "30",
            "Release_Date": "2019-03-02",
            "id": 645
        },
        {
            "Name": "Jordan Legacy 312 Wolf Grey",
            "Sales": "79",
            "Retail_Price": "150",
            "Averge_Sale_Price": "91",
            "Highest_Price": "250",
            "Lowest_Price": "50",
            "Release_Date": "2019-01-01",
            "id": 646
        },
        {
            "Name": "Jordan 11 Retro Low Cleat Cool Grey",
            "Sales": "76",
            "Retail_Price": "120",
            "Averge_Sale_Price": "95",
            "Highest_Price": "149",
            "Lowest_Price": "50",
            "Release_Date": "2018-03-16",
            "id": 647
        },
        {
            "Name": "Jordan 11 Retro Space Jam (2000)",
            "Sales": "76",
            "Retail_Price": "125",
            "Averge_Sale_Price": "337",
            "Highest_Price": "648",
            "Lowest_Price": "260",
            "Release_Date": "2000-12-13",
            "id": 648
        },
        {
            "Name": "Jordan 11 Retro Low Midnight Navy (GS)",
            "Sales": "76",
            "Retail_Price": "120",
            "Averge_Sale_Price": "154",
            "Highest_Price": "290",
            "Lowest_Price": "80",
            "Release_Date": "2016-06-04",
            "id": 649
        },
        {
            "Name": "Jordan 17 Retro Black Silver CDP (2008)",
            "Sales": "74",
            "Retail_Price": "155",
            "Averge_Sale_Price": "222",
            "Highest_Price": "340",
            "Lowest_Price": "120",
            "Release_Date": "2008-05-24",
            "id": 650
        },
        {
            "Name": "Jordan 14 Retro Fuchsia Flash Black Toe (GS)",
            "Sales": "73",
            "Retail_Price": "140",
            "Averge_Sale_Price": "99",
            "Highest_Price": "180",
            "Lowest_Price": "50",
            "Release_Date": "2018-05-14",
            "id": 651
        },
        {
            "Name": "Jordan 1 Retro High Taz (GS)",
            "Sales": "73",
            "Retail_Price": "95",
            "Averge_Sale_Price": "131",
            "Highest_Price": "227",
            "Lowest_Price": "85",
            "Release_Date": "2015-05-06",
            "id": 652
        },
        {
            "Name": "Jordan XXX White Black",
            "Sales": "72",
            "Retail_Price": "200",
            "Averge_Sale_Price": "161",
            "Highest_Price": "399",
            "Lowest_Price": "86",
            "Release_Date": "2016-02-10",
            "id": 653
        },
        {
            "Name": "Jordan XXX UNC",
            "Sales": "71",
            "Retail_Price": "200",
            "Averge_Sale_Price": "124",
            "Highest_Price": "255",
            "Lowest_Price": "69",
            "Release_Date": "2016-03-05",
            "id": 654
        },
        {
            "Name": "Jordan 11 Retro Low IE Militia Green (2015)",
            "Sales": "70",
            "Retail_Price": "170",
            "Averge_Sale_Price": "136",
            "Highest_Price": "325",
            "Lowest_Price": "60",
            "Release_Date": "2015-09-19",
            "id": 655
        },
        {
            "Name": "Jordan 1 Retro Mid Black (2016)",
            "Sales": "67",
            "Retail_Price": "110",
            "Averge_Sale_Price": "89",
            "Highest_Price": "180",
            "Lowest_Price": "48",
            "Release_Date": "2016-06-01",
            "id": 656
        },
        {
            "Name": "Jordan 4 Retro Black Cats",
            "Sales": "60",
            "Retail_Price": "115",
            "Averge_Sale_Price": "385",
            "Highest_Price": "560",
            "Lowest_Price": "266",
            "Release_Date": "2006-05-20",
            "id": 657
        },
        {
            "Name": "Jordan 1 Retro High White Still Blue (GS)",
            "Sales": "61",
            "Retail_Price": "95",
            "Averge_Sale_Price": "104",
            "Highest_Price": "215",
            "Lowest_Price": "50",
            "Release_Date": "2017-03-25",
            "id": 658
        },
        {
            "Name": "Jordan 15 Retro PSNY Black Suede",
            "Sales": "62",
            "Retail_Price": "225",
            "Averge_Sale_Price": "133",
            "Highest_Price": "225",
            "Lowest_Price": "80",
            "Release_Date": "2017-09-10",
            "id": 659
        },
        {
            "Name": "Jordan 1 Mid Olive Canvas (2018)",
            "Sales": "60",
            "Retail_Price": "120",
            "Averge_Sale_Price": "104",
            "Highest_Price": "200",
            "Lowest_Price": "60",
            "Release_Date": "2018-11-01",
            "id": 660
        },
        {
            "Name": "Jordan 3 Retro Cool Grey",
            "Sales": "60",
            "Retail_Price": "135",
            "Averge_Sale_Price": "300",
            "Highest_Price": "475",
            "Lowest_Price": "171",
            "Release_Date": "2007-02-24",
            "id": 661
        },
        {
            "Name": "Jordan 1 Mid Light Bone",
            "Sales": "68",
            "Retail_Price": "120",
            "Averge_Sale_Price": "126",
            "Highest_Price": "200",
            "Lowest_Price": "70",
            "Release_Date": "2018-12-01",
            "id": 662
        },
        {
            "Name": "Jordan 11 Retro Cleat White Royal",
            "Sales": "53",
            "Retail_Price": "125",
            "Averge_Sale_Price": "111",
            "Highest_Price": "200",
            "Lowest_Price": "85",
            "Release_Date": "2018-03-16",
            "id": 663
        },
        {
            "Name": "Jordan Hydro 11 Retro Concord",
            "Sales": "53",
            "Retail_Price": "58",
            "Averge_Sale_Price": "52",
            "Highest_Price": "75",
            "Lowest_Price": "40",
            "Release_Date": "2018-01-01",
            "id": 664
        },
        {
            "Name": "Jordan 11 Retro Columbia (2001)",
            "Sales": "50",
            "Retail_Price": "125",
            "Averge_Sale_Price": "281",
            "Highest_Price": "389",
            "Lowest_Price": "175",
            "Release_Date": "2001-01-17",
            "id": 665
        },
        {
            "Name": "Jordan Future Low Wolf Grey Emerald Rise",
            "Sales": "50",
            "Retail_Price": "140",
            "Averge_Sale_Price": "63",
            "Highest_Price": "106",
            "Lowest_Price": "39",
            "Release_Date": "2018-04-10",
            "id": 666
        },
        {
            "Name": "Jordan 1 Retro High Igloo",
            "Sales": "49",
            "Retail_Price": "160",
            "Averge_Sale_Price": "2174",
            "Highest_Price": "4000",
            "Lowest_Price": "1265",
            "Release_Date": "2017-12-07",
            "id": 667
        },
        {
            "Name": "Jordan Spizike Black Varsity Red 2017 (GS)",
            "Sales": "46",
            "Retail_Price": "125",
            "Averge_Sale_Price": "54",
            "Highest_Price": "99",
            "Lowest_Price": "25",
            "Release_Date": "2017-10-04",
            "id": 668
        },
        {
            "Name": "Jordan 1 Retro High Dip-Toe Black (W)",
            "Sales": "47",
            "Retail_Price": "145",
            "Averge_Sale_Price": "66",
            "Highest_Price": "130",
            "Lowest_Price": "38",
            "Release_Date": "2018-02-01",
            "id": 669
        },
        {
            "Name": "Jordan XXXII Low Chicago Win Like 96",
            "Sales": "49",
            "Retail_Price": "160",
            "Averge_Sale_Price": "94",
            "Highest_Price": "130",
            "Lowest_Price": "60",
            "Release_Date": "2017-12-02",
            "id": 670
        },
        {
            "Name": "Jordan 10 Retro Ice Blue",
            "Sales": "41",
            "Retail_Price": "125",
            "Averge_Sale_Price": "220",
            "Highest_Price": "325",
            "Lowest_Price": "150",
            "Release_Date": "2005-06-11",
            "id": 671
        },
        {
            "Name": "Jordan 88 Racer Black Anthracite",
            "Sales": "40",
            "Retail_Price": "100",
            "Averge_Sale_Price": "43",
            "Highest_Price": "61",
            "Lowest_Price": "28",
            "Release_Date": "2018-09-01",
            "id": 672
        },
        {
            "Name": "Jordan 5 Retro P51 Camo (GS)",
            "Sales": "36",
            "Retail_Price": "140",
            "Averge_Sale_Price": "91",
            "Highest_Price": "179",
            "Lowest_Price": "60",
            "Release_Date": "2017-09-02",
            "id": 673
        },
        {
            "Name": "Jordan Apex React Black Atmosphere Grey Infrared 23",
            "Sales": "35",
            "Retail_Price": "190",
            "Averge_Sale_Price": "106",
            "Highest_Price": "220",
            "Lowest_Price": "70",
            "Release_Date": "2002-05-01",
            "id": 674
        },
        {
            "Name": "Jordan 1 Retro High Double Strap White Black Sail",
            "Sales": "33",
            "Retail_Price": "140",
            "Averge_Sale_Price": "91",
            "Highest_Price": "170",
            "Lowest_Price": "58",
            "Release_Date": "2019-02-12",
            "id": 675
        },
        {
            "Name": "Jordan 8 Retro Champagne (GS)",
            "Sales": "32",
            "Retail_Price": "180",
            "Averge_Sale_Price": "192",
            "Highest_Price": "300",
            "Lowest_Price": "103",
            "Release_Date": "2016-06-25",
            "id": 676
        },
        {
            "Name": "Jordan 1 Retro Nouveau Navy Snake",
            "Sales": "32",
            "Retail_Price": "150",
            "Averge_Sale_Price": "117",
            "Highest_Price": "220",
            "Lowest_Price": "65",
            "Release_Date": "2016-05-01",
            "id": 677
        },
        {
            "Name": "Jordan 23 White Varsity Red",
            "Sales": "30",
            "Retail_Price": "185",
            "Averge_Sale_Price": "186",
            "Highest_Price": "300",
            "Lowest_Price": "130",
            "Release_Date": "2008-05-31",
            "id": 678
        },
        {
            "Name": "Jordan 8 Retro Tinker Air Raid (PS)",
            "Sales": "28",
            "Retail_Price": "80",
            "Averge_Sale_Price": "67",
            "Highest_Price": "100",
            "Lowest_Price": "45",
            "Release_Date": "2018-12-22",
            "id": 679
        },
        {
            "Name": "Jordan 1 Mid Unite Totale (W)",
            "Sales": "29",
            "Retail_Price": "120",
            "Averge_Sale_Price": "139",
            "Highest_Price": "222",
            "Lowest_Price": "70",
            "Release_Date": "2019-05-16",
            "id": 680
        },
        {
            "Name": "Jordan 13 Retro Atmosphere Grey (PS)",
            "Sales": "27",
            "Retail_Price": "80",
            "Averge_Sale_Price": "71",
            "Highest_Price": "101",
            "Lowest_Price": "50",
            "Release_Date": "2019-03-23",
            "id": 681
        },
        {
            "Name": "Jordan XX9 Playoff Pack Home",
            "Sales": "28",
            "Retail_Price": "225",
            "Averge_Sale_Price": "113",
            "Highest_Price": "200",
            "Lowest_Price": "75",
            "Release_Date": "2015-04-15",
            "id": 682
        },
        {
            "Name": "Jordan Hydro 13 Retro White Metallic Silver",
            "Sales": "29",
            "Retail_Price": "58",
            "Averge_Sale_Price": "56",
            "Highest_Price": "70",
            "Lowest_Price": "45",
            "Release_Date": "2017-01-01",
            "id": 683
        },
        {
            "Name": "Jordan Jumpman Z Bred",
            "Sales": "28",
            "Retail_Price": "150",
            "Averge_Sale_Price": "77",
            "Highest_Price": "135",
            "Lowest_Price": "50",
            "Release_Date": "2018-10-06",
            "id": 684
        },
        {
            "Name": "Jordan Future Black Ice",
            "Sales": "25",
            "Retail_Price": "150",
            "Averge_Sale_Price": "117",
            "Highest_Price": "225",
            "Lowest_Price": "50",
            "Release_Date": "2014-08-27",
            "id": 685
        },
        {
            "Name": "Jordan 1 Retro Nouveau Snakeskin",
            "Sales": "22",
            "Retail_Price": "150",
            "Averge_Sale_Price": "113",
            "Highest_Price": "150",
            "Lowest_Price": "65",
            "Release_Date": "2016-03-17",
            "id": 686
        },
        {
            "Name": "Jordan Proto Max 720 Crimson Tint",
            "Sales": "20",
            "Retail_Price": "200",
            "Averge_Sale_Price": "172",
            "Highest_Price": "225",
            "Lowest_Price": "103",
            "Release_Date": "2019-04-01",
            "id": 687
        },
        {
            "Name": "Jordan 3 Retro True Blue (2001)",
            "Sales": "19",
            "Retail_Price": "100",
            "Averge_Sale_Price": "229",
            "Highest_Price": "390",
            "Lowest_Price": "145",
            "Release_Date": "2001-11-17",
            "id": 688
        },
        {
            "Name": "Jordan Son of Mars Black Cement",
            "Sales": "18",
            "Retail_Price": "160",
            "Averge_Sale_Price": "133",
            "Highest_Price": "200",
            "Lowest_Price": "60",
            "Release_Date": "2012-06-02",
            "id": 689
        },
        {
            "Name": "Jordan 13 Retro Grey Toe (GS)",
            "Sales": "17",
            "Retail_Price": "150",
            "Averge_Sale_Price": "123",
            "Highest_Price": "175",
            "Lowest_Price": "80",
            "Release_Date": "2002-05-01",
            "id": 690
        },
        {
            "Name": "Jordan Spizike Sun Blush (GS)",
            "Sales": "16",
            "Retail_Price": "125",
            "Averge_Sale_Price": "57",
            "Highest_Price": "90",
            "Lowest_Price": "40",
            "Release_Date": "2017-07-12",
            "id": 691
        },
        {
            "Name": "Jordan 1 Mid Glow-In-The-Dark (GS)",
            "Sales": "10",
            "Retail_Price": "100",
            "Averge_Sale_Price": "96",
            "Highest_Price": "160",
            "Lowest_Price": "72",
            "Release_Date": "2019-06-15",
            "id": 692
        },
        {
            "Name": "Jordan XX8 SE Bred",
            "Sales": "7",
            "Retail_Price": "150",
            "Averge_Sale_Price": "135",
            "Highest_Price": "190",
            "Lowest_Price": "101",
            "Release_Date": "2014-02-01",
            "id": 693
        },
        {
            "Name": "Jordan 10 Retro Verde (PS)",
            "Sales": "6",
            "Retail_Price": "80",
            "Averge_Sale_Price": "52",
            "Highest_Price": "60",
            "Lowest_Price": "35",
            "Release_Date": "2015-03-28",
            "id": 694
        },
        {
            "Name": "Jordan Legacy 312 Fly (GS)",
            "Sales": "6",
            "Retail_Price": "120",
            "Averge_Sale_Price": "128",
            "Highest_Price": "138",
            "Lowest_Price": "120",
            "Release_Date": "2019-03-18",
            "id": 695
        },
        {
            "Name": "Jordan 1 Low Black Wolf Grey",
            "Sales": "4",
            "Retail_Price": "90",
            "Averge_Sale_Price": "111",
            "Highest_Price": "140",
            "Lowest_Price": "80",
            "Release_Date": "2016-02-01",
            "id": 696
        },
        {
            "Name": "Jordan 1 Retro Low Travis Scott",
            "Sales": "2",
            "Retail_Price": "150",
            "Averge_Sale_Price": "1351",
            "Highest_Price": "1402",
            "Lowest_Price": "1300",
            "Release_Date": "2002-05-01",
            "id": 697
        },
        {
            "Name": "Jordan 1 Jester XX Geode Teal (W)",
            "Sales": "2",
            "Retail_Price": "160",
            "Averge_Sale_Price": "86",
            "Highest_Price": "110",
            "Lowest_Price": "62",
            "Release_Date": "2018-04-06",
            "id": 698
        },
        {
            "Name": "Jordan 1 Mid Gunsmoke Volt (GS)",
            "Sales": "5",
            "Retail_Price": "90",
            "Averge_Sale_Price": "86",
            "Highest_Price": "101",
            "Lowest_Price": "70",
            "Release_Date": "2019-07-01",
            "id": 699
        },
        {
            "Name": "Jordan 10 Retro White Barely Volt Ember Glow (GS)",
            "Sales": "3",
            "Retail_Price": "140",
            "Averge_Sale_Price": "163",
            "Highest_Price": "170",
            "Lowest_Price": "155",
            "Release_Date": "2019-07-01",
            "id": 700
        },
        {
            "Name": "Jordan 1 Low Gold Toe",
            "Sales": "1",
            "Retail_Price": "95",
            "Averge_Sale_Price": "236",
            "Highest_Price": "236",
            "Lowest_Price": "236",
            "Release_Date": "2019-07-01",
            "id": 701
        },
        {
            "Name": "Jordan 1 Retro High Game Royal (GS)",
            "Sales": "2385",
            "Retail_Price": "120",
            "Averge_Sale_Price": "246",
            "Highest_Price": "425",
            "Lowest_Price": "129",
            "Release_Date": "2018-03-24",
            "id": 702
        },
        {
            "Name": "Jordan 1 Mid White Black (GS)",
            "Sales": "2233",
            "Retail_Price": "90",
            "Averge_Sale_Price": "143",
            "Highest_Price": "300",
            "Lowest_Price": "70",
            "Release_Date": "2018-11-01",
            "id": 703
        },
        {
            "Name": "Jordan 1 Mid Equality (2019)",
            "Sales": "1690",
            "Retail_Price": "120",
            "Averge_Sale_Price": "205",
            "Highest_Price": "368",
            "Lowest_Price": "95",
            "Release_Date": "2019-01-21",
            "id": 704
        },
        {
            "Name": "Jordan 11 Retro Low Rose Gold (W)",
            "Sales": "1417",
            "Retail_Price": "175",
            "Averge_Sale_Price": "231",
            "Highest_Price": "500",
            "Lowest_Price": "70",
            "Release_Date": "2018-04-13",
            "id": 705
        },
        {
            "Name": "Jordan 12 Retro Gym Red 2018 (GS)",
            "Sales": "1389",
            "Retail_Price": "140",
            "Averge_Sale_Price": "149",
            "Highest_Price": "230",
            "Lowest_Price": "60",
            "Release_Date": "2018-11-24",
            "id": 706
        },
        {
            "Name": "Jordan 1 Rebel XX Top 3 (W)",
            "Sales": "1333",
            "Retail_Price": "145",
            "Averge_Sale_Price": "230",
            "Highest_Price": "451",
            "Lowest_Price": "115",
            "Release_Date": "2018-05-19",
            "id": 707
        },
        {
            "Name": "Jordan 13 Retro White Hyper Royal Black",
            "Sales": "1144",
            "Retail_Price": "190",
            "Averge_Sale_Price": "187",
            "Highest_Price": "299",
            "Lowest_Price": "126",
            "Release_Date": "2018-03-03",
            "id": 708
        },
        {
            "Name": "Jordan Why Not 0.2 Future History",
            "Sales": "1107",
            "Retail_Price": "125",
            "Averge_Sale_Price": "153",
            "Highest_Price": "235",
            "Lowest_Price": "105",
            "Release_Date": "2019-01-10",
            "id": 709
        },
        {
            "Name": "Jordan 1 Mid Black Cone (GS)",
            "Sales": "891",
            "Retail_Price": "90",
            "Averge_Sale_Price": "100",
            "Highest_Price": "160",
            "Lowest_Price": "60",
            "Release_Date": "2018-09-15",
            "id": 710
        },
        {
            "Name": "Jordan Legacy 312 Trainer 3 Medicine Ball",
            "Sales": "888",
            "Retail_Price": "160",
            "Averge_Sale_Price": "159",
            "Highest_Price": "425",
            "Lowest_Price": "86",
            "Release_Date": "2018-08-11",
            "id": 711
        },
        {
            "Name": "Jordan 11 Retro Concord 2018 (PS)",
            "Sales": "700",
            "Retail_Price": "90",
            "Averge_Sale_Price": "100",
            "Highest_Price": "158",
            "Lowest_Price": "45",
            "Release_Date": "2018-12-08",
            "id": 712
        },
        {
            "Name": "Jordan 4 Retro Levi's Black (GS) (Levi's Tag)",
            "Sales": "684",
            "Retail_Price": "200",
            "Averge_Sale_Price": "171",
            "Highest_Price": "250",
            "Lowest_Price": "100",
            "Release_Date": "2018-06-30",
            "id": 713
        },
        {
            "Name": "Jordan 1 Rebel XX Concord (W)",
            "Sales": "687",
            "Retail_Price": "145",
            "Averge_Sale_Price": "142",
            "Highest_Price": "230",
            "Lowest_Price": "70",
            "Release_Date": "2018-11-01",
            "id": 714
        },
        {
            "Name": "Jordan 1 Retro High Blue Moon (GS)",
            "Sales": "641",
            "Retail_Price": "120",
            "Averge_Sale_Price": "322",
            "Highest_Price": "679",
            "Lowest_Price": "138",
            "Release_Date": "2018-05-01",
            "id": 715
        },
        {
            "Name": "Jordan Future Triple Black",
            "Sales": "644",
            "Retail_Price": "150",
            "Averge_Sale_Price": "70",
            "Highest_Price": "150",
            "Lowest_Price": "39",
            "Release_Date": "2018-06-25",
            "id": 716
        },
        {
            "Name": "Jordan 5 Retro Light Aqua (GS)",
            "Sales": "629",
            "Retail_Price": "140",
            "Averge_Sale_Price": "161",
            "Highest_Price": "325",
            "Lowest_Price": "100",
            "Release_Date": "2018-07-14",
            "id": 717
        },
        {
            "Name": "Jordan 19 Retro White Flint Grey",
            "Sales": "561",
            "Retail_Price": "225",
            "Averge_Sale_Price": "184",
            "Highest_Price": "378",
            "Lowest_Price": "123",
            "Release_Date": "2019-01-05",
            "id": 718
        },
        {
            "Name": "Air Jordan 3 JTH Super Bowl",
            "Sales": "550",
            "Retail_Price": "200",
            "Averge_Sale_Price": "460",
            "Highest_Price": "686",
            "Lowest_Price": "350",
            "Release_Date": "2018-02-04",
            "id": 719
        },
        {
            "Name": "Jordan 6 Retro Gatorade Like Mike White (GS)",
            "Sales": "524",
            "Retail_Price": "140",
            "Averge_Sale_Price": "115",
            "Highest_Price": "189",
            "Lowest_Price": "65",
            "Release_Date": "2017-12-16",
            "id": 720
        },
        {
            "Name": "Jordan 6 Retro Black Cat",
            "Sales": "520",
            "Retail_Price": "190",
            "Averge_Sale_Price": "195",
            "Highest_Price": "330",
            "Lowest_Price": "121",
            "Release_Date": "2016-12-30",
            "id": 721
        },
        {
            "Name": "Jordan 5 Retro Olympic (2016)",
            "Sales": "494",
            "Retail_Price": "190",
            "Averge_Sale_Price": "177",
            "Highest_Price": "263",
            "Lowest_Price": "109",
            "Release_Date": "2016-08-20",
            "id": 722
        },
        {
            "Name": "Jordan 1 Retro High Zip AWOK Vogue Sail (W)",
            "Sales": "480",
            "Retail_Price": "220",
            "Averge_Sale_Price": "270",
            "Highest_Price": "410",
            "Lowest_Price": "170",
            "Release_Date": "2018-07-21",
            "id": 723
        },
        {
            "Name": "Jordan 11 Retro Legend Blue 2014 (GS)",
            "Sales": "467",
            "Retail_Price": "150",
            "Averge_Sale_Price": "202",
            "Highest_Price": "306",
            "Lowest_Price": "135",
            "Release_Date": "2014-12-20",
            "id": 724
        },
        {
            "Name": "Jordan 7 Retro Barcelona Nights",
            "Sales": "464",
            "Retail_Price": "190",
            "Averge_Sale_Price": "156",
            "Highest_Price": "230",
            "Lowest_Price": "96",
            "Release_Date": "2015-03-07",
            "id": 725
        },
        {
            "Name": "Air Jordan XXXII Black Cat",
            "Sales": "465",
            "Retail_Price": "185",
            "Averge_Sale_Price": "125",
            "Highest_Price": "225",
            "Lowest_Price": "65",
            "Release_Date": "2018-04-07",
            "id": 726
        },
        {
            "Name": "Jordan 5 Retro Supreme Desert Camo",
            "Sales": "455",
            "Retail_Price": "198",
            "Averge_Sale_Price": "454",
            "Highest_Price": "697",
            "Lowest_Price": "350",
            "Release_Date": "2015-10-16",
            "id": 727
        },
        {
            "Name": "Jordan 11 Retro UNC Win Like 82 (GS)",
            "Sales": "445",
            "Retail_Price": "170",
            "Averge_Sale_Price": "170",
            "Highest_Price": "246",
            "Lowest_Price": "70",
            "Release_Date": "2017-11-11",
            "id": 728
        },
        {
            "Name": "Jordan 3 Retro Wool",
            "Sales": "439",
            "Retail_Price": "200",
            "Averge_Sale_Price": "123",
            "Highest_Price": "225",
            "Lowest_Price": "50",
            "Release_Date": "2016-12-17",
            "id": 729
        },
        {
            "Name": "Jordan 7 Retro Tinker Alternate",
            "Sales": "434",
            "Retail_Price": "190",
            "Averge_Sale_Price": "179",
            "Highest_Price": "290",
            "Lowest_Price": "100",
            "Release_Date": "2016-08-06",
            "id": 730
        },
        {
            "Name": "Jordan 4 Retro White Cement 2016 (GS)",
            "Sales": "430",
            "Retail_Price": "160",
            "Averge_Sale_Price": "211",
            "Highest_Price": "305",
            "Lowest_Price": "129",
            "Release_Date": "2016-02-13",
            "id": 731
        },
        {
            "Name": "Jordan 1 Retro 30th Anniversary Laser",
            "Sales": "410",
            "Retail_Price": "185",
            "Averge_Sale_Price": "202",
            "Highest_Price": "325",
            "Lowest_Price": "100",
            "Release_Date": "2015-02-08",
            "id": 732
        },
        {
            "Name": "Jordan 11 Retro 72-10 (GS)",
            "Sales": "389",
            "Retail_Price": "160",
            "Averge_Sale_Price": "199",
            "Highest_Price": "303",
            "Lowest_Price": "161",
            "Release_Date": "2015-12-12",
            "id": 733
        },
        {
            "Name": "Jordan 3 Retro Wolf Grey",
            "Sales": "387",
            "Retail_Price": "170",
            "Averge_Sale_Price": "191",
            "Highest_Price": "325",
            "Lowest_Price": "125",
            "Release_Date": "2014-07-19",
            "id": 734
        },
        {
            "Name": "Jordan 1 Mid Desert Sand",
            "Sales": "387",
            "Retail_Price": "110",
            "Averge_Sale_Price": "112",
            "Highest_Price": "250",
            "Lowest_Price": "45",
            "Release_Date": "2018-05-01",
            "id": 735
        },
        {
            "Name": "Jordan 4 Retro 11Lab4 Black",
            "Sales": "385",
            "Retail_Price": "250",
            "Averge_Sale_Price": "240",
            "Highest_Price": "421",
            "Lowest_Price": "155",
            "Release_Date": "2015-04-25",
            "id": 736
        },
        {
            "Name": "Jordan 7 Retro Nothing But Net",
            "Sales": "413",
            "Retail_Price": "190",
            "Averge_Sale_Price": "236",
            "Highest_Price": "375",
            "Lowest_Price": "120",
            "Release_Date": "2015-11-14",
            "id": 737
        },
        {
            "Name": "Jordan 1 Retro Cyber Monday (2015)",
            "Sales": "380",
            "Retail_Price": "160",
            "Averge_Sale_Price": "147",
            "Highest_Price": "240",
            "Lowest_Price": "91",
            "Release_Date": "2015-11-30",
            "id": 738
        },
        {
            "Name": "Jordan 12 Retro Wings",
            "Sales": "374",
            "Retail_Price": "225",
            "Averge_Sale_Price": "469",
            "Highest_Price": "855",
            "Lowest_Price": "300",
            "Release_Date": "2016-04-02",
            "id": 739
        },
        {
            "Name": "Jordan 9 Retro Dream It Do It (TD)",
            "Sales": "372",
            "Retail_Price": "60",
            "Averge_Sale_Price": "76",
            "Highest_Price": "120",
            "Lowest_Price": "50",
            "Release_Date": "2019-03-09",
            "id": 740
        },
        {
            "Name": "Jordan 8 Retro Tinker Air Raid (GS)",
            "Sales": "365",
            "Retail_Price": "140",
            "Averge_Sale_Price": "107",
            "Highest_Price": "175",
            "Lowest_Price": "68",
            "Release_Date": "2018-12-22",
            "id": 741
        },
        {
            "Name": "Jordan 8 Retro Chrome (2015)",
            "Sales": "358",
            "Retail_Price": "190",
            "Averge_Sale_Price": "200",
            "Highest_Price": "350",
            "Lowest_Price": "131",
            "Release_Date": "2015-12-19",
            "id": 742
        },
        {
            "Name": "Jordan 10 Retro Powder (2014)",
            "Sales": "358",
            "Retail_Price": "170",
            "Averge_Sale_Price": "152",
            "Highest_Price": "230",
            "Lowest_Price": "60",
            "Release_Date": "2014-02-22",
            "id": 743
        },
        {
            "Name": "Jordan 13 Retro Atmosphere Grey (GS)",
            "Sales": "356",
            "Retail_Price": "140",
            "Averge_Sale_Price": "108",
            "Highest_Price": "150",
            "Lowest_Price": "78",
            "Release_Date": "2019-03-23",
            "id": 744
        },
        {
            "Name": "Jordan 11 Retro Low Closing Ceremony (GS)",
            "Sales": "349",
            "Retail_Price": "130",
            "Averge_Sale_Price": "137",
            "Highest_Price": "220",
            "Lowest_Price": "85",
            "Release_Date": "2016-08-27",
            "id": 745
        },
        {
            "Name": "Jordan 7 Retro Low Bright Concord",
            "Sales": "345",
            "Retail_Price": "150",
            "Averge_Sale_Price": "151",
            "Highest_Price": "250",
            "Lowest_Price": "100",
            "Release_Date": "2018-09-27",
            "id": 746
        },
        {
            "Name": "Jordan 11 Retro Low Bleached Coral (GS)",
            "Sales": "343",
            "Retail_Price": "130",
            "Averge_Sale_Price": "165",
            "Highest_Price": "325",
            "Lowest_Price": "90",
            "Release_Date": "2018-04-07",
            "id": 747
        },
        {
            "Name": "Jordan 1 Retro High Camo 3M Wolf Grey",
            "Sales": "337",
            "Retail_Price": "145",
            "Averge_Sale_Price": "117",
            "Highest_Price": "275",
            "Lowest_Price": "50",
            "Release_Date": "2017-08-01",
            "id": 748
        },
        {
            "Name": "Jordan 12 Retro Chris Paul Class Of 2003 (GS)",
            "Sales": "332",
            "Retail_Price": "140",
            "Averge_Sale_Price": "162",
            "Highest_Price": "235",
            "Lowest_Price": "70",
            "Release_Date": "2018-08-11",
            "id": 749
        },
        {
            "Name": "Jordan 1 Retro Chicago (2013)",
            "Sales": "327",
            "Retail_Price": "110",
            "Averge_Sale_Price": "473",
            "Highest_Price": "750",
            "Lowest_Price": "290",
            "Release_Date": "2013-01-10",
            "id": 750
        },
        {
            "Name": "Jordan 1 Retro High Season of Her Ice Peach (W)",
            "Sales": "316",
            "Retail_Price": "160",
            "Averge_Sale_Price": "75",
            "Highest_Price": "140",
            "Lowest_Price": "50",
            "Release_Date": "2018-01-25",
            "id": 751
        },
        {
            "Name": "Jordan 1 Retro Bred (2013)",
            "Sales": "316",
            "Retail_Price": "140",
            "Averge_Sale_Price": "423",
            "Highest_Price": "678",
            "Lowest_Price": "175",
            "Release_Date": "2013-12-28",
            "id": 752
        },
        {
            "Name": "Jordan 1 Retro High Flyknit Wolf Grey",
            "Sales": "315",
            "Retail_Price": "180",
            "Averge_Sale_Price": "110",
            "Highest_Price": "229",
            "Lowest_Price": "65",
            "Release_Date": "2017-11-01",
            "id": 753
        },
        {
            "Name": "Jordan 1 Retro Red Suede",
            "Sales": "314",
            "Retail_Price": "140",
            "Averge_Sale_Price": "146",
            "Highest_Price": "335",
            "Lowest_Price": "40",
            "Release_Date": "2017-04-15",
            "id": 754
        },
        {
            "Name": "Jordan 1 Mid Triple White (2018)",
            "Sales": "321",
            "Retail_Price": "110",
            "Averge_Sale_Price": "99",
            "Highest_Price": "157",
            "Lowest_Price": "60",
            "Release_Date": "2018-06-01",
            "id": 755
        },
        {
            "Name": "Jordan Future Premium Black Glow (2018)",
            "Sales": "318",
            "Retail_Price": "185",
            "Averge_Sale_Price": "88",
            "Highest_Price": "250",
            "Lowest_Price": "55",
            "Release_Date": "2018-09-01",
            "id": 756
        },
        {
            "Name": "Jordan 11 Retro Low IE Rio Teal",
            "Sales": "310",
            "Retail_Price": "170",
            "Averge_Sale_Price": "133",
            "Highest_Price": "240",
            "Lowest_Price": "66",
            "Release_Date": "2018-08-16",
            "id": 757
        },
        {
            "Name": "Jordan 10 Retro Orlando (GS)",
            "Sales": "310",
            "Retail_Price": "140",
            "Averge_Sale_Price": "84",
            "Highest_Price": "125",
            "Lowest_Price": "40",
            "Release_Date": "2018-12-01",
            "id": 758
        },
        {
            "Name": "Jordan XXXIII Metallic Silver Black All Star",
            "Sales": "305",
            "Retail_Price": "175",
            "Averge_Sale_Price": "146",
            "Highest_Price": "439",
            "Lowest_Price": "88",
            "Release_Date": "2019-01-24",
            "id": 759
        },
        {
            "Name": "Jordan 3 Retro True Blue (2011)",
            "Sales": "301",
            "Retail_Price": "150",
            "Averge_Sale_Price": "218",
            "Highest_Price": "261",
            "Lowest_Price": "100",
            "Release_Date": "2011-06-19",
            "id": 760
        },
        {
            "Name": "Jordan 2 Retro White Red (2014)",
            "Sales": "298",
            "Retail_Price": "150",
            "Averge_Sale_Price": "172",
            "Highest_Price": "255",
            "Lowest_Price": "100",
            "Release_Date": "2014-06-07",
            "id": 761
        },
        {
            "Name": "Jordan 16 Retro Midnight Navy (2016)",
            "Sales": "295",
            "Retail_Price": "250",
            "Averge_Sale_Price": "188",
            "Highest_Price": "390",
            "Lowest_Price": "100",
            "Release_Date": "2016-12-22",
            "id": 762
        },
        {
            "Name": "Jordan 9 Retro Barons",
            "Sales": "293",
            "Retail_Price": "170",
            "Averge_Sale_Price": "205",
            "Highest_Price": "300",
            "Lowest_Price": "120",
            "Release_Date": "2014-04-05",
            "id": 763
        },
        {
            "Name": "Jordan 1 Retro UNC (GS)",
            "Sales": "292",
            "Retail_Price": "120",
            "Averge_Sale_Price": "234",
            "Highest_Price": "400",
            "Lowest_Price": "123",
            "Release_Date": "2015-10-10",
            "id": 764
        },
        {
            "Name": "Jordan 9 Retro Cool Grey (2012)",
            "Sales": "285",
            "Retail_Price": "160",
            "Averge_Sale_Price": "271",
            "Highest_Price": "423",
            "Lowest_Price": "95",
            "Release_Date": "2012-12-15",
            "id": 765
        },
        {
            "Name": "Jordan 1 Mid Reverse New Love (GS)",
            "Sales": "285",
            "Retail_Price": "90",
            "Averge_Sale_Price": "97",
            "Highest_Price": "200",
            "Lowest_Price": "55",
            "Release_Date": "2018-06-15",
            "id": 766
        },
        {
            "Name": "Jordan 7 Retro Pure Platinum (GS)",
            "Sales": "286",
            "Retail_Price": "140",
            "Averge_Sale_Price": "128",
            "Highest_Price": "253",
            "Lowest_Price": "71",
            "Release_Date": "2017-06-03",
            "id": 767
        },
        {
            "Name": "Jordan 13 Retro Low Pure Platinum",
            "Sales": "281",
            "Retail_Price": "175",
            "Averge_Sale_Price": "173",
            "Highest_Price": "375",
            "Lowest_Price": "70",
            "Release_Date": "2017-05-20",
            "id": 768
        },
        {
            "Name": "Jordan Future Premium Black Infrared 23 (2018)",
            "Sales": "276",
            "Retail_Price": "185",
            "Averge_Sale_Price": "86",
            "Highest_Price": "249",
            "Lowest_Price": "41",
            "Release_Date": "2018-07-28",
            "id": 769
        },
        {
            "Name": "Jordan 4 Retro Levi's White (GS) (Levi's Tag)",
            "Sales": "246",
            "Retail_Price": "200",
            "Averge_Sale_Price": "313",
            "Highest_Price": "752",
            "Lowest_Price": "216",
            "Release_Date": "2018-06-30",
            "id": 770
        },
        {
            "Name": "Jordan 4 Retro Motorsports Alternate (GS)",
            "Sales": "266",
            "Retail_Price": "140",
            "Averge_Sale_Price": "74",
            "Highest_Price": "160",
            "Lowest_Price": "40",
            "Release_Date": "2017-06-17",
            "id": 771
        },
        {
            "Name": "Jordan 3 Retro Crimson",
            "Sales": "267",
            "Retail_Price": "160",
            "Averge_Sale_Price": "174",
            "Highest_Price": "270",
            "Lowest_Price": "100",
            "Release_Date": "2013-02-23",
            "id": 772
        },
        {
            "Name": "Jordan Countdown Pack 11/12",
            "Sales": "266",
            "Retail_Price": "310",
            "Averge_Sale_Price": "675",
            "Highest_Price": "850",
            "Lowest_Price": "505",
            "Release_Date": "2008-12-20",
            "id": 773
        },
        {
            "Name": "Jordan 1 Retro High Gatorade Orange Peel (GS)",
            "Sales": "260",
            "Retail_Price": "150",
            "Averge_Sale_Price": "71",
            "Highest_Price": "145",
            "Lowest_Price": "30",
            "Release_Date": "2017-12-26",
            "id": 774
        },
        {
            "Name": "Jordan 13 Retro Low Brave Blue",
            "Sales": "260",
            "Retail_Price": "175",
            "Averge_Sale_Price": "163",
            "Highest_Price": "249",
            "Lowest_Price": "102",
            "Release_Date": "2017-04-08",
            "id": 775
        },
        {
            "Name": "Jordan 5 Retro Pre-Grape",
            "Sales": "261",
            "Retail_Price": "190",
            "Averge_Sale_Price": "151",
            "Highest_Price": "250",
            "Lowest_Price": "60",
            "Release_Date": "2015-05-02",
            "id": 776
        },
        {
            "Name": "Jordan 11 Retro Low Green Snakeskin",
            "Sales": "262",
            "Retail_Price": "150",
            "Averge_Sale_Price": "289",
            "Highest_Price": "425",
            "Lowest_Price": "195",
            "Release_Date": "2014-04-19",
            "id": 777
        },
        {
            "Name": "Jordan 12 Retro Gym Red 2018 (PS)",
            "Sales": "250",
            "Retail_Price": "80",
            "Averge_Sale_Price": "70",
            "Highest_Price": "119",
            "Lowest_Price": "46",
            "Release_Date": "2018-11-24",
            "id": 778
        },
        {
            "Name": "Jordan 5 Retro Low Chinese New Year",
            "Sales": "245",
            "Retail_Price": "200",
            "Averge_Sale_Price": "265",
            "Highest_Price": "485",
            "Lowest_Price": "181",
            "Release_Date": "2016-01-23",
            "id": 779
        },
        {
            "Name": "Jordan Spiz'ike Olive Canvas",
            "Sales": "250",
            "Retail_Price": "175",
            "Averge_Sale_Price": "104",
            "Highest_Price": "160",
            "Lowest_Price": "55",
            "Release_Date": "2018-09-19",
            "id": 780
        },
        {
            "Name": "Jordan 10 Retro Cool Grey",
            "Sales": "242",
            "Retail_Price": "190",
            "Averge_Sale_Price": "164",
            "Highest_Price": "319",
            "Lowest_Price": "85",
            "Release_Date": "2018-01-27",
            "id": 781
        },
        {
            "Name": "Jordan 1 Mid Chicago (GS)",
            "Sales": "246",
            "Retail_Price": "90",
            "Averge_Sale_Price": "121",
            "Highest_Price": "235",
            "Lowest_Price": "65",
            "Release_Date": "2018-03-20",
            "id": 782
        },
        {
            "Name": "Jordan 13 Retro Flint (2010)",
            "Sales": "242",
            "Retail_Price": "160",
            "Averge_Sale_Price": "370",
            "Highest_Price": "550",
            "Lowest_Price": "236",
            "Release_Date": "2010-11-26",
            "id": 783
        },
        {
            "Name": "Jordan 7 Retro Hare 2015 (GS)",
            "Sales": "242",
            "Retail_Price": "140",
            "Averge_Sale_Price": "164",
            "Highest_Price": "240",
            "Lowest_Price": "110",
            "Release_Date": "2016-05-16",
            "id": 784
        },
        {
            "Name": "Jordan 5 Retro Bronze",
            "Sales": "241",
            "Retail_Price": "190",
            "Averge_Sale_Price": "167",
            "Highest_Price": "270",
            "Lowest_Price": "92",
            "Release_Date": "2016-09-24",
            "id": 785
        },
        {
            "Name": "Jordan 14 Retro Indiglo (2016)",
            "Sales": "234",
            "Retail_Price": "190",
            "Averge_Sale_Price": "141",
            "Highest_Price": "230",
            "Lowest_Price": "75",
            "Release_Date": "2016-08-13",
            "id": 786
        },
        {
            "Name": "Jordan 2 Retro Decon Sail",
            "Sales": "234",
            "Retail_Price": "160",
            "Averge_Sale_Price": "71",
            "Highest_Price": "169",
            "Lowest_Price": "40",
            "Release_Date": "2017-07-15",
            "id": 787
        },
        {
            "Name": "Jordan 1 Retro Low Bred (2015)",
            "Sales": "234",
            "Retail_Price": "130",
            "Averge_Sale_Price": "173",
            "Highest_Price": "300",
            "Lowest_Price": "98",
            "Release_Date": "2015-02-14",
            "id": 788
        },
        {
            "Name": "Jordan 14 Retro Thunder",
            "Sales": "234",
            "Retail_Price": "170",
            "Averge_Sale_Price": "228",
            "Highest_Price": "330",
            "Lowest_Price": "160",
            "Release_Date": "2014-07-04",
            "id": 789
        },
        {
            "Name": "Jordan 4 Retro Cavs",
            "Sales": "232",
            "Retail_Price": "160",
            "Averge_Sale_Price": "281",
            "Highest_Price": "410",
            "Lowest_Price": "185",
            "Release_Date": "2012-05-12",
            "id": 790
        },
        {
            "Name": "Jordan 6 Retro Wheat (GS)",
            "Sales": "228",
            "Retail_Price": "140",
            "Averge_Sale_Price": "79",
            "Highest_Price": "131",
            "Lowest_Price": "46",
            "Release_Date": "2017-11-24",
            "id": 791
        },
        {
            "Name": "Jordan 10 Retro Charlotte (2016)",
            "Sales": "225",
            "Retail_Price": "190",
            "Averge_Sale_Price": "138",
            "Highest_Price": "290",
            "Lowest_Price": "80",
            "Release_Date": "2016-06-18",
            "id": 792
        },
        {
            "Name": "Jordan 9 Retro Boot Military Brown",
            "Sales": "218",
            "Retail_Price": "225",
            "Averge_Sale_Price": "241",
            "Highest_Price": "370",
            "Lowest_Price": "115",
            "Release_Date": "2018-10-13",
            "id": 793
        },
        {
            "Name": "Jordan XXXII Chinese New Year (2018)",
            "Sales": "213",
            "Retail_Price": "185",
            "Averge_Sale_Price": "194",
            "Highest_Price": "320",
            "Lowest_Price": "120",
            "Release_Date": "2018-02-09",
            "id": 794
        },
        {
            "Name": "Jordan 5 Retro Supreme White",
            "Sales": "215",
            "Retail_Price": "198",
            "Averge_Sale_Price": "637",
            "Highest_Price": "1041",
            "Lowest_Price": "350",
            "Release_Date": "2015-10-16",
            "id": 795
        },
        {
            "Name": "Jordan 3 Retro 5Lab3 Black",
            "Sales": "210",
            "Retail_Price": "225",
            "Averge_Sale_Price": "167",
            "Highest_Price": "230",
            "Lowest_Price": "120",
            "Release_Date": "2014-05-17",
            "id": 796
        },
        {
            "Name": "Jordan 11 Retro Low Cleat Concord",
            "Sales": "207",
            "Retail_Price": "120",
            "Averge_Sale_Price": "107",
            "Highest_Price": "224",
            "Lowest_Price": "55",
            "Release_Date": "2018-03-16",
            "id": 797
        },
        {
            "Name": "Jordan 1 Retro Melo PE",
            "Sales": "208",
            "Retail_Price": "130",
            "Averge_Sale_Price": "201",
            "Highest_Price": "300",
            "Lowest_Price": "75",
            "Release_Date": "2014-12-20",
            "id": 798
        },
        {
            "Name": "Jordan Trainer ST G White Obsidian",
            "Sales": "208",
            "Retail_Price": "175",
            "Averge_Sale_Price": "241",
            "Highest_Price": "385",
            "Lowest_Price": "130",
            "Release_Date": "2018-11-02",
            "id": 799
        },
        {
            "Name": "Jordan 3 Retro Chlorophyll (GS)",
            "Sales": "205",
            "Retail_Price": "140",
            "Averge_Sale_Price": "65",
            "Highest_Price": "135",
            "Lowest_Price": "45",
            "Release_Date": "2018-11-10",
            "id": 800
        },
        {
            "Name": "Jordan 1 Retro Low Royal (2015)",
            "Sales": "203",
            "Retail_Price": "130",
            "Averge_Sale_Price": "139",
            "Highest_Price": "279",
            "Lowest_Price": "66",
            "Release_Date": "2015-10-07",
            "id": 801
        },
        {
            "Name": "Jordan 13 Retro Low Pure Platinum (GS)",
            "Sales": "201",
            "Retail_Price": "120",
            "Averge_Sale_Price": "112",
            "Highest_Price": "250",
            "Lowest_Price": "35",
            "Release_Date": "2017-05-20",
            "id": 802
        },
        {
            "Name": "Jordan 5 Retro White Cement (GS)",
            "Sales": "196",
            "Retail_Price": "140",
            "Averge_Sale_Price": "134",
            "Highest_Price": "180",
            "Lowest_Price": "66",
            "Release_Date": "2017-08-05",
            "id": 803
        },
        {
            "Name": "Jordan 1 Retro Rare Air Max Orange",
            "Sales": "194",
            "Retail_Price": "140",
            "Averge_Sale_Price": "166",
            "Highest_Price": "326",
            "Lowest_Price": "50",
            "Release_Date": "2017-01-07",
            "id": 804
        },
        {
            "Name": "Jordan 1 Low Sneaker Politics",
            "Sales": "194",
            "Retail_Price": "100",
            "Averge_Sale_Price": "293",
            "Highest_Price": "600",
            "Lowest_Price": "172",
            "Release_Date": "2019-05-10",
            "id": 805
        },
        {
            "Name": "Jordan 5 Retro Laney Varsity Royal (GS)",
            "Sales": "193",
            "Retail_Price": "150",
            "Averge_Sale_Price": "115",
            "Highest_Price": "219",
            "Lowest_Price": "55",
            "Release_Date": "2019-02-02",
            "id": 806
        },
        {
            "Name": "Jordan 1 Retro Blue Suede",
            "Sales": "192",
            "Retail_Price": "140",
            "Averge_Sale_Price": "121",
            "Highest_Price": "200",
            "Lowest_Price": "63",
            "Release_Date": "2017-04-01",
            "id": 807
        },
        {
            "Name": "Jordan 1 Retro Black Toe (2013)",
            "Sales": "189",
            "Retail_Price": "140",
            "Averge_Sale_Price": "409",
            "Highest_Price": "682",
            "Lowest_Price": "240",
            "Release_Date": "2013-05-25",
            "id": 808
        },
        {
            "Name": "Jordan 2 Retro Alternate 87",
            "Sales": "187",
            "Retail_Price": "190",
            "Averge_Sale_Price": "119",
            "Highest_Price": "250",
            "Lowest_Price": "55",
            "Release_Date": "2016-02-06",
            "id": 809
        },
        {
            "Name": "Jordan 11 Retro Low Citrus 2015 (GS)",
            "Sales": "190",
            "Retail_Price": "120",
            "Averge_Sale_Price": "211",
            "Highest_Price": "429",
            "Lowest_Price": "108",
            "Release_Date": "2015-06-20",
            "id": 810
        },
        {
            "Name": "Jordan 11 Retro Pinnacle Grey Suede",
            "Sales": "184",
            "Retail_Price": "400",
            "Averge_Sale_Price": "526",
            "Highest_Price": "1000",
            "Lowest_Price": "387",
            "Release_Date": "2016-12-23",
            "id": 811
        },
        {
            "Name": "Jordan 12 Retro Black Rush Pink (GS)",
            "Sales": "185",
            "Retail_Price": "140",
            "Averge_Sale_Price": "109",
            "Highest_Price": "185",
            "Lowest_Price": "45",
            "Release_Date": "2018-09-08",
            "id": 812
        },
        {
            "Name": "Jordan 9 Retro Johnny Kilroy",
            "Sales": "183",
            "Retail_Price": "160",
            "Averge_Sale_Price": "227",
            "Highest_Price": "475",
            "Lowest_Price": "120",
            "Release_Date": "2012-10-06",
            "id": 813
        },
        {
            "Name": "Jordan 1 Retro Top 3 (GS)",
            "Sales": "176",
            "Retail_Price": "120",
            "Averge_Sale_Price": "408",
            "Highest_Price": "588",
            "Lowest_Price": "232",
            "Release_Date": "2016-11-28",
            "id": 814
        },
        {
            "Name": "Jordan 3 Retro Joker",
            "Sales": "176",
            "Retail_Price": "160",
            "Averge_Sale_Price": "215",
            "Highest_Price": "380",
            "Lowest_Price": "150",
            "Release_Date": "2013-02-16",
            "id": 815
        },
        {
            "Name": "Jordan 5 Retro Low Fire Red",
            "Sales": "178",
            "Retail_Price": "175",
            "Averge_Sale_Price": "168",
            "Highest_Price": "270",
            "Lowest_Price": "100",
            "Release_Date": "2016-03-12",
            "id": 816
        },
        {
            "Name": "Jordan 1 Retro High Aleali May Shadow",
            "Sales": "175",
            "Retail_Price": "160",
            "Averge_Sale_Price": "537",
            "Highest_Price": "796",
            "Lowest_Price": "371",
            "Release_Date": "2017-10-28",
            "id": 817
        },
        {
            "Name": "Jordan 1 Retro Deep Royal",
            "Sales": "174",
            "Retail_Price": "150",
            "Averge_Sale_Price": "94",
            "Highest_Price": "200",
            "Lowest_Price": "50",
            "Release_Date": "2016-12-01",
            "id": 818
        },
        {
            "Name": "Jordan 1 Retro All Star 2017 (GS)",
            "Sales": "173",
            "Retail_Price": "140",
            "Averge_Sale_Price": "307",
            "Highest_Price": "572",
            "Lowest_Price": "133",
            "Release_Date": "2017-02-19",
            "id": 819
        },
        {
            "Name": "Jordan 6 Retro Low Ghost Green",
            "Sales": "173",
            "Retail_Price": "175",
            "Averge_Sale_Price": "154",
            "Highest_Price": "229",
            "Lowest_Price": "80",
            "Release_Date": "2015-09-19",
            "id": 820
        },
        {
            "Name": "Jordan Golden Moments Pack (6/7)",
            "Sales": "169",
            "Retail_Price": "350",
            "Averge_Sale_Price": "401",
            "Highest_Price": "572",
            "Lowest_Price": "250",
            "Release_Date": "2012-08-18",
            "id": 821
        },
        {
            "Name": "Jordan 7 Retro Championship Pack",
            "Sales": "166",
            "Retail_Price": "250",
            "Averge_Sale_Price": "209",
            "Highest_Price": "276",
            "Lowest_Price": "100",
            "Release_Date": "2015-06-20",
            "id": 822
        },
        {
            "Name": "Jordan 8 Retro Aqua 2015 (GS)",
            "Sales": "170",
            "Retail_Price": "130",
            "Averge_Sale_Price": "131",
            "Highest_Price": "200",
            "Lowest_Price": "65",
            "Release_Date": "2015-11-27",
            "id": 823
        },
        {
            "Name": "Jordan 5 Retro 3Lab5",
            "Sales": "164",
            "Retail_Price": "225",
            "Averge_Sale_Price": "185",
            "Highest_Price": "284",
            "Lowest_Price": "100",
            "Release_Date": "2013-09-21",
            "id": 824
        },
        {
            "Name": "Jordan 3 Retro Quai54 GS (2018)",
            "Sales": "164",
            "Retail_Price": "140",
            "Averge_Sale_Price": "137",
            "Highest_Price": "250",
            "Lowest_Price": "70",
            "Release_Date": "2018-07-07",
            "id": 825
        },
        {
            "Name": "Jordan 9 Retro Low Pantone",
            "Sales": "162",
            "Retail_Price": "170",
            "Averge_Sale_Price": "122",
            "Highest_Price": "197",
            "Lowest_Price": "70",
            "Release_Date": "2016-06-11",
            "id": 826
        },
        {
            "Name": "Jordan 10 Retro Chicago Flag",
            "Sales": "158",
            "Retail_Price": "190",
            "Averge_Sale_Price": "147",
            "Highest_Price": "259",
            "Lowest_Price": "65",
            "Release_Date": "2016-05-14",
            "id": 827
        },
        {
            "Name": "Jordan 14 Retro Wolf Grey",
            "Sales": "160",
            "Retail_Price": "170",
            "Averge_Sale_Price": "157",
            "Highest_Price": "216",
            "Lowest_Price": "86",
            "Release_Date": "2014-08-02",
            "id": 828
        },
        {
            "Name": "Jordan 1 Retro Pinnacle White",
            "Sales": "155",
            "Retail_Price": "400",
            "Averge_Sale_Price": "400",
            "Highest_Price": "700",
            "Lowest_Price": "180",
            "Release_Date": "2015-05-27",
            "id": 829
        },
        {
            "Name": "Jordan 1 Retro High Vintage Coral",
            "Sales": "154",
            "Retail_Price": "160",
            "Averge_Sale_Price": "140",
            "Highest_Price": "255",
            "Lowest_Price": "70",
            "Release_Date": "2018-09-01",
            "id": 830
        },
        {
            "Name": "Jordan 5 Retro Black Metallic (2007)",
            "Sales": "152",
            "Retail_Price": "135",
            "Averge_Sale_Price": "202",
            "Highest_Price": "300",
            "Lowest_Price": "100",
            "Release_Date": "2007-01-20",
            "id": 831
        },
        {
            "Name": "Jordan 13 Retro Doernbecher",
            "Sales": "150",
            "Retail_Price": "225",
            "Averge_Sale_Price": "299",
            "Highest_Price": "425",
            "Lowest_Price": "180",
            "Release_Date": "2015-11-21",
            "id": 832
        },
        {
            "Name": "Jordan 13 Retro He Got Game 2018 (PS)",
            "Sales": "152",
            "Retail_Price": "80",
            "Averge_Sale_Price": "89",
            "Highest_Price": "130",
            "Lowest_Price": "45",
            "Release_Date": "2018-08-04",
            "id": 833
        },
        {
            "Name": "Jordan 1 Retro Low Black Grey (2015)",
            "Sales": "149",
            "Retail_Price": "130",
            "Averge_Sale_Price": "140",
            "Highest_Price": "260",
            "Lowest_Price": "60",
            "Release_Date": "2015-12-30",
            "id": 834
        },
        {
            "Name": "Jordan 3 Retro Black Cement 2018 (TD)",
            "Sales": "150",
            "Retail_Price": "60",
            "Averge_Sale_Price": "70",
            "Highest_Price": "120",
            "Lowest_Price": "40",
            "Release_Date": "2018-02-17",
            "id": 835
        },
        {
            "Name": "Jordan 1 Retro High Hot Punch (W)",
            "Sales": "147",
            "Retail_Price": "145",
            "Averge_Sale_Price": "128",
            "Highest_Price": "300",
            "Lowest_Price": "90",
            "Release_Date": "2019-01-07",
            "id": 836
        },
        {
            "Name": "Jordan Legacy 312 Lakers (GS)",
            "Sales": "147",
            "Retail_Price": "110",
            "Averge_Sale_Price": "97",
            "Highest_Price": "159",
            "Lowest_Price": "71",
            "Release_Date": "2018-11-01",
            "id": 837
        },
        {
            "Name": "Jordan 7 Retro Tinker Alternate (GS)",
            "Sales": "148",
            "Retail_Price": "140",
            "Averge_Sale_Price": "145",
            "Highest_Price": "249",
            "Lowest_Price": "100",
            "Release_Date": "2016-08-06",
            "id": 838
        },
        {
            "Name": "Jordan 1 Retro Low OG White Vachetta",
            "Sales": "145",
            "Retail_Price": "140",
            "Averge_Sale_Price": "101",
            "Highest_Price": "250",
            "Lowest_Price": "40",
            "Release_Date": "2017-04-01",
            "id": 839
        },
        {
            "Name": "Jordan 3 Retro Cyber Monday 2016 (GS)",
            "Sales": "146",
            "Retail_Price": "190",
            "Averge_Sale_Price": "50",
            "Highest_Price": "90",
            "Lowest_Price": "26",
            "Release_Date": "2016-10-15",
            "id": 840
        },
        {
            "Name": "Jordan 13 Retro OG Chicago 2017 (GS)",
            "Sales": "146",
            "Retail_Price": "140",
            "Averge_Sale_Price": "140",
            "Highest_Price": "270",
            "Lowest_Price": "70",
            "Release_Date": "2017-02-18",
            "id": 841
        },
        {
            "Name": "Jordan 1 Retro High Camo 3M Wolf Grey (GS)",
            "Sales": "144",
            "Retail_Price": "110",
            "Averge_Sale_Price": "95",
            "Highest_Price": "160",
            "Lowest_Price": "50",
            "Release_Date": "2017-08-01",
            "id": 842
        },
        {
            "Name": "Jordan Legacy 312 Pistons",
            "Sales": "144",
            "Retail_Price": "150",
            "Averge_Sale_Price": "106",
            "Highest_Price": "185",
            "Lowest_Price": "50",
            "Release_Date": "2018-11-01",
            "id": 843
        },
        {
            "Name": "Jordan 1 Retro High Double Strap Olive Canvas",
            "Sales": "141",
            "Retail_Price": "140",
            "Averge_Sale_Price": "84",
            "Highest_Price": "140",
            "Lowest_Price": "55",
            "Release_Date": "2018-10-01",
            "id": 844
        },
        {
            "Name": "Jordan 1 Retro Black Gum",
            "Sales": "141",
            "Retail_Price": "140",
            "Averge_Sale_Price": "137",
            "Highest_Price": "249",
            "Lowest_Price": "60",
            "Release_Date": "2014-12-06",
            "id": 845
        },
        {
            "Name": "Jordan 1 OG Celtics",
            "Sales": "141",
            "Retail_Price": "140",
            "Averge_Sale_Price": "240",
            "Highest_Price": "390",
            "Lowest_Price": "95",
            "Release_Date": "2013-04-06",
            "id": 846
        },
        {
            "Name": "Jordan 13 Retro Low Hornets",
            "Sales": "139",
            "Retail_Price": "160",
            "Averge_Sale_Price": "168",
            "Highest_Price": "295",
            "Lowest_Price": "111",
            "Release_Date": "2015-04-18",
            "id": 847
        },
        {
            "Name": "Jordan XXX1 Royal",
            "Sales": "139",
            "Retail_Price": "185",
            "Averge_Sale_Price": "89",
            "Highest_Price": "199",
            "Lowest_Price": "50",
            "Release_Date": "2017-04-01",
            "id": 848
        },
        {
            "Name": "Jordan 13 Retro Dark Raisin (GS)",
            "Sales": "138",
            "Retail_Price": "190",
            "Averge_Sale_Price": "91",
            "Highest_Price": "180",
            "Lowest_Price": "40",
            "Release_Date": "2017-12-26",
            "id": 849
        },
        {
            "Name": "Jordan 17 Retro Trophy Room (No Shirt)",
            "Sales": "138",
            "Retail_Price": "275",
            "Averge_Sale_Price": "233",
            "Highest_Price": "400",
            "Lowest_Price": "120",
            "Release_Date": "2017-10-28",
            "id": 850
        },
        {
            "Name": "Jordan Beginning Moments Pack 1/1",
            "Sales": "137",
            "Retail_Price": "200",
            "Averge_Sale_Price": "402",
            "Highest_Price": "650",
            "Lowest_Price": "255",
            "Release_Date": "2007-04-21",
            "id": 851
        },
        {
            "Name": "Jordan 6 Retro Maroon 2015 (GS)",
            "Sales": "137",
            "Retail_Price": "160",
            "Averge_Sale_Price": "190",
            "Highest_Price": "260",
            "Lowest_Price": "130",
            "Release_Date": "2015-12-05",
            "id": 852
        },
        {
            "Name": "Jordan 5 Retro Red Suede (GS)",
            "Sales": "133",
            "Retail_Price": "190",
            "Averge_Sale_Price": "130",
            "Highest_Price": "205",
            "Lowest_Price": "60",
            "Release_Date": "2017-07-02",
            "id": 853
        },
        {
            "Name": "Jordan 11 Retro Low Blue Moon (GS)",
            "Sales": "133",
            "Retail_Price": "130",
            "Averge_Sale_Price": "150",
            "Highest_Price": "250",
            "Lowest_Price": "85",
            "Release_Date": "2017-05-27",
            "id": 854
        },
        {
            "Name": "Jordan 8 Retro Aqua (2007)",
            "Sales": "132",
            "Retail_Price": "140",
            "Averge_Sale_Price": "233",
            "Highest_Price": "339",
            "Lowest_Price": "135",
            "Release_Date": "2007-09-22",
            "id": 855
        },
        {
            "Name": "Jordan 7 Retro Fuchsia Glow (GS)",
            "Sales": "130",
            "Retail_Price": "140",
            "Averge_Sale_Price": "123",
            "Highest_Price": "202",
            "Lowest_Price": "70",
            "Release_Date": "2015-10-17",
            "id": 856
        },
        {
            "Name": "Jordan 13 Retro Altitude 2017 (GS)",
            "Sales": "130",
            "Retail_Price": "140",
            "Averge_Sale_Price": "80",
            "Highest_Price": "134",
            "Lowest_Price": "40",
            "Release_Date": "2017-12-21",
            "id": 857
        },
        {
            "Name": "Jordan 4 Retro Levi's Denim (Blank Tag)",
            "Sales": "132",
            "Retail_Price": "225",
            "Averge_Sale_Price": "589",
            "Highest_Price": "947",
            "Lowest_Price": "465",
            "Release_Date": "2018-01-17",
            "id": 858
        },
        {
            "Name": "Jordan 1 Mid Infrared 23 (GS)",
            "Sales": "128",
            "Retail_Price": "90",
            "Averge_Sale_Price": "83",
            "Highest_Price": "125",
            "Lowest_Price": "63",
            "Release_Date": "2018-12-13",
            "id": 859
        },
        {
            "Name": "Jordan 11 Retro Gamma Blue (GS)",
            "Sales": "127",
            "Retail_Price": "130",
            "Averge_Sale_Price": "299",
            "Highest_Price": "550",
            "Lowest_Price": "175",
            "Release_Date": "2013-12-21",
            "id": 860
        },
        {
            "Name": "Jordan 3 Retro Black Cement 2018 (PS)",
            "Sales": "127",
            "Retail_Price": "80",
            "Averge_Sale_Price": "81",
            "Highest_Price": "140",
            "Lowest_Price": "45",
            "Release_Date": "2018-02-17",
            "id": 861
        },
        {
            "Name": "Jordan XXXII Low Michigan",
            "Sales": "126",
            "Retail_Price": "160",
            "Averge_Sale_Price": "122",
            "Highest_Price": "224",
            "Lowest_Price": "70",
            "Release_Date": "2018-03-09",
            "id": 862
        },
        {
            "Name": "Jordan Converse Pack",
            "Sales": "125",
            "Retail_Price": "300",
            "Averge_Sale_Price": "197",
            "Highest_Price": "322",
            "Lowest_Price": "140",
            "Release_Date": "2017-06-28",
            "id": 863
        },
        {
            "Name": "Jordan 7 Retro Cardinal (2011)",
            "Sales": "126",
            "Retail_Price": "150",
            "Averge_Sale_Price": "221",
            "Highest_Price": "350",
            "Lowest_Price": "137",
            "Release_Date": "2011-06-18",
            "id": 864
        },
        {
            "Name": "Jordan 23 Black Stealth",
            "Sales": "125",
            "Retail_Price": "185",
            "Averge_Sale_Price": "203",
            "Highest_Price": "310",
            "Lowest_Price": "147",
            "Release_Date": "2008-02-23",
            "id": 865
        },
        {
            "Name": "Jordan 3 Retro Fear Pack",
            "Sales": "123",
            "Retail_Price": "175",
            "Averge_Sale_Price": "301",
            "Highest_Price": "427",
            "Lowest_Price": "120",
            "Release_Date": "2013-08-24",
            "id": 866
        },
        {
            "Name": "Jordan 1 Retro High Flyknit Bred (GS)",
            "Sales": "123",
            "Retail_Price": "140",
            "Averge_Sale_Price": "82",
            "Highest_Price": "160",
            "Lowest_Price": "49",
            "Release_Date": "2017-09-09",
            "id": 867
        },
        {
            "Name": "Jordan 1 Retro Rare Air Cool Grey",
            "Sales": "121",
            "Retail_Price": "140",
            "Averge_Sale_Price": "152",
            "Highest_Price": "399",
            "Lowest_Price": "70",
            "Release_Date": "2017-01-17",
            "id": 868
        },
        {
            "Name": "Jordan 1 Retro Ultra High Bred",
            "Sales": "121",
            "Retail_Price": "150",
            "Averge_Sale_Price": "82",
            "Highest_Price": "145",
            "Lowest_Price": "40",
            "Release_Date": "2016-11-30",
            "id": 869
        },
        {
            "Name": "Jordan 20 Retro Stealth (2015)",
            "Sales": "118",
            "Retail_Price": "220",
            "Averge_Sale_Price": "154",
            "Highest_Price": "230",
            "Lowest_Price": "102",
            "Release_Date": "2015-03-14",
            "id": 870
        },
        {
            "Name": "Jordan 1 Retro LA",
            "Sales": "117",
            "Retail_Price": "160",
            "Averge_Sale_Price": "183",
            "Highest_Price": "345",
            "Lowest_Price": "99",
            "Release_Date": "2015-11-14",
            "id": 871
        },
        {
            "Name": "Jordan 10 Retro Paris",
            "Sales": "116",
            "Retail_Price": "190",
            "Averge_Sale_Price": "174",
            "Highest_Price": "306",
            "Lowest_Price": "100",
            "Release_Date": "2016-04-09",
            "id": 872
        },
        {
            "Name": "Jordan 1 OG Laney",
            "Sales": "111",
            "Retail_Price": "140",
            "Averge_Sale_Price": "232",
            "Highest_Price": "387",
            "Lowest_Price": "150",
            "Release_Date": "2013-11-16",
            "id": 873
        },
        {
            "Name": "Jordan Apex React Bio Beige",
            "Sales": "114",
            "Retail_Price": "190",
            "Averge_Sale_Price": "131",
            "Highest_Price": "244",
            "Lowest_Price": "80",
            "Release_Date": "2019-04-01",
            "id": 874
        },
        {
            "Name": "Jordan 7 Retro N7",
            "Sales": "112",
            "Retail_Price": "190",
            "Averge_Sale_Price": "216",
            "Highest_Price": "400",
            "Lowest_Price": "120",
            "Release_Date": "2015-06-03",
            "id": 875
        },
        {
            "Name": "Jordan 1 Retro Black Perforated",
            "Sales": "108",
            "Retail_Price": "160",
            "Averge_Sale_Price": "103",
            "Highest_Price": "189",
            "Lowest_Price": "60",
            "Release_Date": "2017-02-04",
            "id": 876
        },
        {
            "Name": "Jordan 1 Retro High Zip Particle Beige (W)",
            "Sales": "109",
            "Retail_Price": "150",
            "Averge_Sale_Price": "71",
            "Highest_Price": "150",
            "Lowest_Price": "40",
            "Release_Date": "2018-04-13",
            "id": 877
        },
        {
            "Name": "Jordan 88 Racer SoleFly Lottery",
            "Sales": "108",
            "Retail_Price": "150",
            "Averge_Sale_Price": "222",
            "Highest_Price": "500",
            "Lowest_Price": "100",
            "Release_Date": "2018-08-25",
            "id": 878
        },
        {
            "Name": "Jordan XXXII Low Free Throw Line",
            "Sales": "108",
            "Retail_Price": "160",
            "Averge_Sale_Price": "132",
            "Highest_Price": "200",
            "Lowest_Price": "76",
            "Release_Date": "2018-02-14",
            "id": 879
        },
        {
            "Name": "Jordan 1 Retro Un-Supreme",
            "Sales": "106",
            "Retail_Price": "140",
            "Averge_Sale_Price": "125",
            "Highest_Price": "225",
            "Lowest_Price": "80",
            "Release_Date": "2016-01-21",
            "id": 880
        },
        {
            "Name": "Jordan 1 Retro High Off-White White (GS)",
            "Sales": "107",
            "Retail_Price": "150",
            "Averge_Sale_Price": "1444",
            "Highest_Price": "2527",
            "Lowest_Price": "987",
            "Release_Date": "2018-03-03",
            "id": 881
        },
        {
            "Name": "Jordan 1 Retro Blake Griffin PE",
            "Sales": "104",
            "Retail_Price": "130",
            "Averge_Sale_Price": "156",
            "Highest_Price": "350",
            "Lowest_Price": "75",
            "Release_Date": "2014-12-20",
            "id": 882
        },
        {
            "Name": "Jordan 10 Retro Rio",
            "Sales": "102",
            "Retail_Price": "190",
            "Averge_Sale_Price": "146",
            "Highest_Price": "225",
            "Lowest_Price": "100",
            "Release_Date": "2016-05-07",
            "id": 883
        },
        {
            "Name": "Jordan Why Not Zer0.1 Triple Double King",
            "Sales": "102",
            "Retail_Price": "125",
            "Averge_Sale_Price": "65",
            "Highest_Price": "110",
            "Lowest_Price": "46",
            "Release_Date": "2018-04-09",
            "id": 884
        },
        {
            "Name": "Jordan 1 Retro High Season of Her Barley Grape (W)",
            "Sales": "102",
            "Retail_Price": "160",
            "Averge_Sale_Price": "135",
            "Highest_Price": "224",
            "Lowest_Price": "60",
            "Release_Date": "2018-01-25",
            "id": 885
        },
        {
            "Name": "Jordan 5 Retro Paris Saint-Germain White (F&F)",
            "Sales": "101",
            "Retail_Price": "150",
            "Averge_Sale_Price": "1883",
            "Highest_Price": "3500",
            "Lowest_Price": "475",
            "Release_Date": "2002-05-01",
            "id": 886
        },
        {
            "Name": "Jordan 1 Retro KO Bred (2015)",
            "Sales": "101",
            "Retail_Price": "140",
            "Averge_Sale_Price": "123",
            "Highest_Price": "200",
            "Lowest_Price": "66",
            "Release_Date": "2015-12-19",
            "id": 887
        },
        {
            "Name": "Jordan 1 Retro High Rare Air Soar",
            "Sales": "100",
            "Retail_Price": "140",
            "Averge_Sale_Price": "171",
            "Highest_Price": "340",
            "Lowest_Price": "70",
            "Release_Date": "2017-01-17",
            "id": 888
        },
        {
            "Name": "Jordan 11 Retro Silver Anniversary (2010)",
            "Sales": "99",
            "Retail_Price": "150",
            "Averge_Sale_Price": "320",
            "Highest_Price": "449",
            "Lowest_Price": "200",
            "Release_Date": "2010-05-01",
            "id": 889
        },
        {
            "Name": "Jordan 13 Retro Cherry (2010)",
            "Sales": "98",
            "Retail_Price": "160",
            "Averge_Sale_Price": "190",
            "Highest_Price": "250",
            "Lowest_Price": "105",
            "Release_Date": "2010-01-01",
            "id": 890
        },
        {
            "Name": "Jordan 13 Retro Squadron Blue",
            "Sales": "96",
            "Retail_Price": "170",
            "Averge_Sale_Price": "164",
            "Highest_Price": "250",
            "Lowest_Price": "80",
            "Release_Date": "2013-02-09",
            "id": 891
        },
        {
            "Name": "Jordan 2 Retro White Varsity Red (2004)",
            "Sales": "96",
            "Retail_Price": "150",
            "Averge_Sale_Price": "202",
            "Highest_Price": "325",
            "Lowest_Price": "100",
            "Release_Date": "2002-05-01",
            "id": 892
        },
        {
            "Name": "Jordan 1 Retro High SoleFly Art Basel Black",
            "Sales": "95",
            "Retail_Price": "150",
            "Averge_Sale_Price": "3614",
            "Highest_Price": "5999",
            "Lowest_Price": "2450",
            "Release_Date": "2018-12-08",
            "id": 893
        },
        {
            "Name": "Jordan 1 Retro AJKO Blue Quilted",
            "Sales": "94",
            "Retail_Price": "140",
            "Averge_Sale_Price": "56",
            "Highest_Price": "99",
            "Lowest_Price": "30",
            "Release_Date": "2016-08-27",
            "id": 894
        },
        {
            "Name": "Jordan 1 Retro KO Shadow (2015)",
            "Sales": "94",
            "Retail_Price": "140",
            "Averge_Sale_Price": "100",
            "Highest_Price": "200",
            "Lowest_Price": "45",
            "Release_Date": "2016-02-06",
            "id": 895
        },
        {
            "Name": "Jordan 16 Retro Solefly Art Basel",
            "Sales": "93",
            "Retail_Price": "275",
            "Averge_Sale_Price": "297",
            "Highest_Price": "425",
            "Lowest_Price": "210",
            "Release_Date": "2016-12-03",
            "id": 896
        },
        {
            "Name": "Jordan 1 Retro High Pure Platinum Desert Sand",
            "Sales": "93",
            "Retail_Price": "145",
            "Averge_Sale_Price": "122",
            "Highest_Price": "185",
            "Lowest_Price": "71",
            "Release_Date": "2018-04-07",
            "id": 897
        },
        {
            "Name": "Jordan 8 Retro Playoffs (2007)",
            "Sales": "92",
            "Retail_Price": "150",
            "Averge_Sale_Price": "194",
            "Highest_Price": "264",
            "Lowest_Price": "110",
            "Release_Date": "2007-12-22",
            "id": 898
        },
        {
            "Name": "Jordan 1 Retro High Double Strap Concord",
            "Sales": "91",
            "Retail_Price": "140",
            "Averge_Sale_Price": "101",
            "Highest_Price": "190",
            "Lowest_Price": "55",
            "Release_Date": "2018-10-01",
            "id": 899
        },
        {
            "Name": "Jordan 10 Retro Stealth (2012)",
            "Sales": "89",
            "Retail_Price": "160",
            "Averge_Sale_Price": "168",
            "Highest_Price": "275",
            "Lowest_Price": "100",
            "Release_Date": "2012-03-24",
            "id": 900
        },
        {
            "Name": "Jordan Trunner LX Black Red (2017)",
            "Sales": "88",
            "Retail_Price": "140",
            "Averge_Sale_Price": "88",
            "Highest_Price": "150",
            "Lowest_Price": "50",
            "Release_Date": "2017-05-03",
            "id": 901
        },
        {
            "Name": "Jordan 1 Crib Bootie Bred",
            "Sales": "89",
            "Retail_Price": "45",
            "Averge_Sale_Price": "52",
            "Highest_Price": "82",
            "Lowest_Price": "25",
            "Release_Date": "2002-05-01",
            "id": 902
        },
        {
            "Name": "Jordan 1 Retro Black Patent",
            "Sales": "91",
            "Retail_Price": "150",
            "Averge_Sale_Price": "122",
            "Highest_Price": "245",
            "Lowest_Price": "56",
            "Release_Date": "2016-12-01",
            "id": 903
        },
        {
            "Name": "Jordan XXX Black Cat",
            "Sales": "87",
            "Retail_Price": "200",
            "Averge_Sale_Price": "142",
            "Highest_Price": "245",
            "Lowest_Price": "50",
            "Release_Date": "2016-04-16",
            "id": 904
        },
        {
            "Name": "Jordan 4 Retro Laser (GS)",
            "Sales": "88",
            "Retail_Price": "150",
            "Averge_Sale_Price": "127",
            "Highest_Price": "200",
            "Lowest_Price": "78",
            "Release_Date": "2002-05-01",
            "id": 905
        },
        {
            "Name": "Jordan Flyknit Elevation 23 Black University Red",
            "Sales": "86",
            "Retail_Price": "170",
            "Averge_Sale_Price": "74",
            "Highest_Price": "130",
            "Lowest_Price": "50",
            "Release_Date": "2018-08-01",
            "id": 906
        },
        {
            "Name": "Jordan 5 Retro Fear Pack",
            "Sales": "85",
            "Retail_Price": "160",
            "Averge_Sale_Price": "323",
            "Highest_Price": "400",
            "Lowest_Price": "245",
            "Release_Date": "2013-08-24",
            "id": 907
        },
        {
            "Name": "Jordan XXX1 Black Cat",
            "Sales": "85",
            "Retail_Price": "185",
            "Averge_Sale_Price": "95",
            "Highest_Price": "196",
            "Lowest_Price": "55",
            "Release_Date": "2017-03-10",
            "id": 908
        },
        {
            "Name": "Jordan 11 Retro Low Iridescent (PS)",
            "Sales": "86",
            "Retail_Price": "75",
            "Averge_Sale_Price": "82",
            "Highest_Price": "159",
            "Lowest_Price": "40",
            "Release_Date": "2018-03-31",
            "id": 909
        },
        {
            "Name": "Jordan 1 Retro High OG Essentials Black (GS)",
            "Sales": "85",
            "Retail_Price": "120",
            "Averge_Sale_Price": "75",
            "Highest_Price": "145",
            "Lowest_Price": "41",
            "Release_Date": "2017-08-02",
            "id": 910
        },
        {
            "Name": "Jordan 10 Retro Steel (2005)",
            "Sales": "84",
            "Retail_Price": "125",
            "Averge_Sale_Price": "223",
            "Highest_Price": "400",
            "Lowest_Price": "150",
            "Release_Date": "2005-05-07",
            "id": 911
        },
        {
            "Name": "Jordan 1 Retro Gym Red",
            "Sales": "82",
            "Retail_Price": "140",
            "Averge_Sale_Price": "354",
            "Highest_Price": "725",
            "Lowest_Price": "250",
            "Release_Date": "2014-06-28",
            "id": 912
        },
        {
            "Name": "Jordan 1 Retro Low OG Black Vachetta",
            "Sales": "86",
            "Retail_Price": "140",
            "Averge_Sale_Price": "69",
            "Highest_Price": "120",
            "Lowest_Price": "35",
            "Release_Date": "2017-04-01",
            "id": 913
        },
        {
            "Name": "Jordan Trainer ST G White Wolf Grey",
            "Sales": "82",
            "Retail_Price": "175",
            "Averge_Sale_Price": "271",
            "Highest_Price": "510",
            "Lowest_Price": "175",
            "Release_Date": "2018-06-04",
            "id": 914
        },
        {
            "Name": "Jordan 12 Retro Wolf Grey Vivid Pink (GS)",
            "Sales": "81",
            "Retail_Price": "140",
            "Averge_Sale_Price": "95",
            "Highest_Price": "239",
            "Lowest_Price": "55",
            "Release_Date": "2016-11-19",
            "id": 915
        },
        {
            "Name": "Jordan 9 Retro Powder",
            "Sales": "82",
            "Retail_Price": "150",
            "Averge_Sale_Price": "246",
            "Highest_Price": "398",
            "Lowest_Price": "150",
            "Release_Date": "2010-05-29",
            "id": 916
        },
        {
            "Name": "Jordan 1 Retro Red Elephant Print",
            "Sales": "80",
            "Retail_Price": "140",
            "Averge_Sale_Price": "101",
            "Highest_Price": "175",
            "Lowest_Price": "40",
            "Release_Date": "2016-01-21",
            "id": 917
        },
        {
            "Name": "Jordan 1 Retro Family Forever",
            "Sales": "80",
            "Retail_Price": "140",
            "Averge_Sale_Price": "142",
            "Highest_Price": "250",
            "Lowest_Price": "81",
            "Release_Date": "2014-06-14",
            "id": 918
        },
        {
            "Name": "Jordan 1 Retro Human Highlight",
            "Sales": "81",
            "Retail_Price": "140",
            "Averge_Sale_Price": "162",
            "Highest_Price": "400",
            "Lowest_Price": "65",
            "Release_Date": "2013-09-07",
            "id": 919
        },
        {
            "Name": "Jordan Countdown Pack 10/13",
            "Sales": "80",
            "Retail_Price": "310",
            "Averge_Sale_Price": "348",
            "Highest_Price": "549",
            "Lowest_Price": "215",
            "Release_Date": "2008-01-19",
            "id": 920
        },
        {
            "Name": "Jordan 1 Retro 4Lab1 Glow",
            "Sales": "80",
            "Retail_Price": "185",
            "Averge_Sale_Price": "124",
            "Highest_Price": "290",
            "Lowest_Price": "50",
            "Release_Date": "2014-12-31",
            "id": 921
        },
        {
            "Name": "Jordan XX Flyknit R&B Melo Black",
            "Sales": "78",
            "Retail_Price": "225",
            "Averge_Sale_Price": "216",
            "Highest_Price": "325",
            "Lowest_Price": "113",
            "Release_Date": "2018-09-27",
            "id": 922
        },
        {
            "Name": "Jordan 1 Retro High Season of Her Sun Blush (W)",
            "Sales": "80",
            "Retail_Price": "160",
            "Averge_Sale_Price": "74",
            "Highest_Price": "190",
            "Lowest_Price": "35",
            "Release_Date": "2018-01-25",
            "id": 923
        },
        {
            "Name": "Jordan ADG Black Cement",
            "Sales": "77",
            "Retail_Price": "135",
            "Averge_Sale_Price": "157",
            "Highest_Price": "230",
            "Lowest_Price": "100",
            "Release_Date": "2019-04-15",
            "id": 924
        },
        {
            "Name": "Jordan Future Boot Black",
            "Sales": "78",
            "Retail_Price": "225",
            "Averge_Sale_Price": "88",
            "Highest_Price": "175",
            "Lowest_Price": "45",
            "Release_Date": "2016-10-06",
            "id": 925
        },
        {
            "Name": "Jordan 16 Retro CEO",
            "Sales": "75",
            "Retail_Price": "250",
            "Averge_Sale_Price": "297",
            "Highest_Price": "410",
            "Lowest_Price": "236",
            "Release_Date": "2017-10-20",
            "id": 926
        },
        {
            "Name": "Jordan 1 Retro High Black Silt Red (W)",
            "Sales": "75",
            "Retail_Price": "145",
            "Averge_Sale_Price": "114",
            "Highest_Price": "200",
            "Lowest_Price": "80",
            "Release_Date": "2019-02-23",
            "id": 927
        },
        {
            "Name": "Jordan 2 Retro Just Don Arctic Orange (GS)",
            "Sales": "73",
            "Retail_Price": "350",
            "Averge_Sale_Price": "226",
            "Highest_Price": "480",
            "Lowest_Price": "140",
            "Release_Date": "2017-05-13",
            "id": 928
        },
        {
            "Name": "Jordan Zoom Tenacity 88 True Blue",
            "Sales": "73",
            "Retail_Price": "125",
            "Averge_Sale_Price": "129",
            "Highest_Price": "230",
            "Lowest_Price": "50",
            "Release_Date": "2018-03-13",
            "id": 929
        },
        {
            "Name": "Jordan 9 Retro OG 2016 (GS)",
            "Sales": "73",
            "Retail_Price": "140",
            "Averge_Sale_Price": "155",
            "Highest_Price": "245",
            "Lowest_Price": "80",
            "Release_Date": "2016-12-03",
            "id": 930
        },
        {
            "Name": "Jordan Black Cat Black Concord",
            "Sales": "72",
            "Retail_Price": "160",
            "Averge_Sale_Price": "81",
            "Highest_Price": "160",
            "Lowest_Price": "51",
            "Release_Date": "2018-12-01",
            "id": 931
        },
        {
            "Name": "Jordan 1 Mid Black Olive Canvas",
            "Sales": "71",
            "Retail_Price": "120",
            "Averge_Sale_Price": "96",
            "Highest_Price": "250",
            "Lowest_Price": "70",
            "Release_Date": "2018-11-01",
            "id": 932
        },
        {
            "Name": "Jordan XXX1 Shattered Backboard",
            "Sales": "71",
            "Retail_Price": "185",
            "Averge_Sale_Price": "104",
            "Highest_Price": "200",
            "Lowest_Price": "67",
            "Release_Date": "2016-10-08",
            "id": 933
        },
        {
            "Name": "Jordan 1 Retro Bred (2001)",
            "Sales": "69",
            "Retail_Price": "150",
            "Averge_Sale_Price": "565",
            "Highest_Price": "900",
            "Lowest_Price": "385",
            "Release_Date": "2001-08-25",
            "id": 934
        },
        {
            "Name": "Jordan 12 Retro Flu Game (2009)",
            "Sales": "68",
            "Retail_Price": "150",
            "Averge_Sale_Price": "308",
            "Highest_Price": "500",
            "Lowest_Price": "190",
            "Release_Date": "2009-11-27",
            "id": 935
        },
        {
            "Name": "Jordan 9 Retro Motorboat Jones",
            "Sales": "69",
            "Retail_Price": "160",
            "Averge_Sale_Price": "387",
            "Highest_Price": "600",
            "Lowest_Price": "250",
            "Release_Date": "2012-12-01",
            "id": 936
        },
        {
            "Name": "Jordan Spizike Black Gym Red",
            "Sales": "68",
            "Retail_Price": "175",
            "Averge_Sale_Price": "97",
            "Highest_Price": "185",
            "Lowest_Price": "60",
            "Release_Date": "2018-10-08",
            "id": 937
        },
        {
            "Name": "Jordan 9 Retro Charcoal",
            "Sales": "68",
            "Retail_Price": "150",
            "Averge_Sale_Price": "259",
            "Highest_Price": "350",
            "Lowest_Price": "180",
            "Release_Date": "2010-09-04",
            "id": 938
        },
        {
            "Name": "Jordan 11 Retro Cleat Bred",
            "Sales": "68",
            "Retail_Price": "125",
            "Averge_Sale_Price": "131",
            "Highest_Price": "225",
            "Lowest_Price": "56",
            "Release_Date": "2018-06-25",
            "id": 939
        },
        {
            "Name": "Jordan 12 Retro Heiress Plum Fog (GS)",
            "Sales": "68",
            "Retail_Price": "160",
            "Averge_Sale_Price": "182",
            "Highest_Price": "261",
            "Lowest_Price": "100",
            "Release_Date": "2016-09-10",
            "id": 940
        },
        {
            "Name": "Jordan 12 Retro Barons (GS)",
            "Sales": "68",
            "Retail_Price": "140",
            "Averge_Sale_Price": "169",
            "Highest_Price": "285",
            "Lowest_Price": "99",
            "Release_Date": "2016-08-13",
            "id": 941
        },
        {
            "Name": "Jordan Flyknit Elevation 23 Black",
            "Sales": "68",
            "Retail_Price": "170",
            "Averge_Sale_Price": "105",
            "Highest_Price": "160",
            "Lowest_Price": "56",
            "Release_Date": "2018-04-01",
            "id": 942
        },
        {
            "Name": "Jordan 1 Low Military Green",
            "Sales": "66",
            "Retail_Price": "105",
            "Averge_Sale_Price": "125",
            "Highest_Price": "210",
            "Lowest_Price": "90",
            "Release_Date": "2019-01-01",
            "id": 943
        },
        {
            "Name": "Jordan XXXII Low Gordon St.",
            "Sales": "67",
            "Retail_Price": "160",
            "Averge_Sale_Price": "129",
            "Highest_Price": "220",
            "Lowest_Price": "60",
            "Release_Date": "2018-05-07",
            "id": 944
        },
        {
            "Name": "Jordan 5 Retro Grape 2013 (GS)",
            "Sales": "66",
            "Retail_Price": "115",
            "Averge_Sale_Price": "161",
            "Highest_Price": "245",
            "Lowest_Price": "85",
            "Release_Date": "2013-05-04",
            "id": 945
        },
        {
            "Name": "Jordan 1 Retro High Mica Green (W)",
            "Sales": "65",
            "Retail_Price": "145",
            "Averge_Sale_Price": "71",
            "Highest_Price": "185",
            "Lowest_Price": "40",
            "Release_Date": "2018-03-17",
            "id": 946
        },
        {
            "Name": "Jordan 7 Retro Hare CDP (2008)",
            "Sales": "65",
            "Retail_Price": "155",
            "Averge_Sale_Price": "220",
            "Highest_Price": "350",
            "Lowest_Price": "120",
            "Release_Date": "2008-06-21",
            "id": 947
        },
        {
            "Name": "Jordan 11 Retro Low Cool Grey (PS)",
            "Sales": "65",
            "Retail_Price": "75",
            "Averge_Sale_Price": "90",
            "Highest_Price": "150",
            "Lowest_Price": "40",
            "Release_Date": "2018-04-28",
            "id": 948
        },
        {
            "Name": "Jordan XXX1 All Star 2017",
            "Sales": "64",
            "Retail_Price": "200",
            "Averge_Sale_Price": "136",
            "Highest_Price": "228",
            "Lowest_Price": "66",
            "Release_Date": "2017-02-19",
            "id": 949
        },
        {
            "Name": "Jordan 11 Retro Cleat Columbia",
            "Sales": "65",
            "Retail_Price": "125",
            "Averge_Sale_Price": "141",
            "Highest_Price": "200",
            "Lowest_Price": "56",
            "Release_Date": "2018-06-25",
            "id": 950
        },
        {
            "Name": "Jordan 14 Retro Rip Hamilton (TD)",
            "Sales": "63",
            "Retail_Price": "60",
            "Averge_Sale_Price": "78",
            "Highest_Price": "100",
            "Lowest_Price": "57",
            "Release_Date": "2019-04-06",
            "id": 951
        },
        {
            "Name": "Jordan 6 Rings Black Varsity Red",
            "Sales": "63",
            "Retail_Price": "165",
            "Averge_Sale_Price": "112",
            "Highest_Price": "165",
            "Lowest_Price": "85",
            "Release_Date": "2019-01-04",
            "id": 952
        },
        {
            "Name": "Jordan 89 Racer White Cement",
            "Sales": "63",
            "Retail_Price": "100",
            "Averge_Sale_Price": "86",
            "Highest_Price": "195",
            "Lowest_Price": "55",
            "Release_Date": "2019-01-01",
            "id": 953
        },
        {
            "Name": "Jordan 1 Retro Rare Air Bred",
            "Sales": "59",
            "Retail_Price": "140",
            "Averge_Sale_Price": "89",
            "Highest_Price": "160",
            "Lowest_Price": "40",
            "Release_Date": "2015-09-01",
            "id": 954
        },
        {
            "Name": "Jordan 5 Retro Laney Varsity Royal (TD)",
            "Sales": "61",
            "Retail_Price": "65",
            "Averge_Sale_Price": "60",
            "Highest_Price": "96",
            "Lowest_Price": "30",
            "Release_Date": "2019-02-02",
            "id": 955
        },
        {
            "Name": "Jordan Westbrook 0.3 Dazzle",
            "Sales": "61",
            "Retail_Price": "100",
            "Averge_Sale_Price": "106",
            "Highest_Price": "150",
            "Lowest_Price": "51",
            "Release_Date": "2018-11-21",
            "id": 956
        },
        {
            "Name": "Jordan Dub Zero White/Concord-Black-White",
            "Sales": "60",
            "Retail_Price": "160",
            "Averge_Sale_Price": "92",
            "Highest_Price": "169",
            "Lowest_Price": "57",
            "Release_Date": "2002-05-01",
            "id": 957
        },
        {
            "Name": "Jordan 9 Retro Pearl Blue (TD)",
            "Sales": "60",
            "Retail_Price": "60",
            "Averge_Sale_Price": "65",
            "Highest_Price": "119",
            "Lowest_Price": "35",
            "Release_Date": "2019-02-09",
            "id": 958
        },
        {
            "Name": "Jordan XXX1 Low Chicago (Home)",
            "Sales": "60",
            "Retail_Price": "160",
            "Averge_Sale_Price": "98",
            "Highest_Price": "185",
            "Lowest_Price": "55",
            "Release_Date": "2017-06-30",
            "id": 959
        },
        {
            "Name": "Jordan 7 Retro Raptors (2002)",
            "Sales": "59",
            "Retail_Price": "125",
            "Averge_Sale_Price": "255",
            "Highest_Price": "420",
            "Lowest_Price": "180",
            "Release_Date": "2002-12-14",
            "id": 960
        },
        {
            "Name": "Jordan 5 Retro Metallic White 2015 (GS)",
            "Sales": "60",
            "Retail_Price": "160",
            "Averge_Sale_Price": "144",
            "Highest_Price": "244",
            "Lowest_Price": "70",
            "Release_Date": "2015-04-04",
            "id": 961
        },
        {
            "Name": "Jordan 1 Retro High Black Hyper Pink (GS)",
            "Sales": "58",
            "Retail_Price": "95",
            "Averge_Sale_Price": "80",
            "Highest_Price": "181",
            "Lowest_Price": "52",
            "Release_Date": "2017-02-01",
            "id": 962
        },
        {
            "Name": "Jordan Spiz'ike True Blue (2007)",
            "Sales": "59",
            "Retail_Price": "175",
            "Averge_Sale_Price": "143",
            "Highest_Price": "265",
            "Lowest_Price": "94",
            "Release_Date": "2007-04-28",
            "id": 963
        },
        {
            "Name": "Jordan 7 Retro Barcelona Nights (GS)",
            "Sales": "59",
            "Retail_Price": "140",
            "Averge_Sale_Price": "121",
            "Highest_Price": "165",
            "Lowest_Price": "60",
            "Release_Date": "2015-03-07",
            "id": 964
        },
        {
            "Name": "Jordan 5 Retro DMP Raging Bull Red Suede",
            "Sales": "58",
            "Retail_Price": "155",
            "Averge_Sale_Price": "517",
            "Highest_Price": "674",
            "Lowest_Price": "401",
            "Release_Date": "2009-05-30",
            "id": 965
        },
        {
            "Name": "Jordan 13 Retro Wolf Grey Deadly Pink (GS)",
            "Sales": "58",
            "Retail_Price": "140",
            "Averge_Sale_Price": "114",
            "Highest_Price": "159",
            "Lowest_Price": "72",
            "Release_Date": "2017-08-26",
            "id": 966
        },
        {
            "Name": "Jordan 3 Retro Hall of Fame (Sneaker Politics Special Release)",
            "Sales": "57",
            "Retail_Price": "190",
            "Averge_Sale_Price": "246",
            "Highest_Price": "400",
            "Lowest_Price": "200",
            "Release_Date": "2018-05-12",
            "id": 967
        },
        {
            "Name": "Jordan 4 Retro Tour Yellow / Rare Air",
            "Sales": "58",
            "Retail_Price": "125",
            "Averge_Sale_Price": "387",
            "Highest_Price": "549",
            "Lowest_Price": "210",
            "Release_Date": "2006-05-20",
            "id": 968
        },
        {
            "Name": "Jordan 6 Retro Purple Dynasty (GS)",
            "Sales": "57",
            "Retail_Price": "140",
            "Averge_Sale_Price": "136",
            "Highest_Price": "182",
            "Lowest_Price": "75",
            "Release_Date": "2016-12-30",
            "id": 969
        },
        {
            "Name": "Jordan 11 Retro Legend Blue (PS)",
            "Sales": "56",
            "Retail_Price": "85",
            "Averge_Sale_Price": "91",
            "Highest_Price": "150",
            "Lowest_Price": "53",
            "Release_Date": "2014-12-20",
            "id": 970
        },
        {
            "Name": "Jordan 1 Retro High Rust Pink",
            "Sales": "55",
            "Retail_Price": "160",
            "Averge_Sale_Price": "2694",
            "Highest_Price": "4500",
            "Lowest_Price": "1010",
            "Release_Date": "2017-11-01",
            "id": 971
        },
        {
            "Name": "Jordan Spizike Black Cement",
            "Sales": "55",
            "Retail_Price": "175",
            "Averge_Sale_Price": "122",
            "Highest_Price": "180",
            "Lowest_Price": "70",
            "Release_Date": "2017-06-24",
            "id": 972
        },
        {
            "Name": "Jordan 7 Retro Nothing But Net (GS)",
            "Sales": "56",
            "Retail_Price": "140",
            "Averge_Sale_Price": "208",
            "Highest_Price": "300",
            "Lowest_Price": "130",
            "Release_Date": "2015-11-14",
            "id": 973
        },
        {
            "Name": "jordan 10 retro red steel",
            "Sales": "53",
            "Retail_Price": "125",
            "Averge_Sale_Price": "255",
            "Highest_Price": "325",
            "Lowest_Price": "180",
            "Release_Date": "2005-09-17",
            "id": 974
        },
        {
            "Name": "Jordan Countdown Pack 9/14",
            "Sales": "54",
            "Retail_Price": "310",
            "Averge_Sale_Price": "354",
            "Highest_Price": "540",
            "Lowest_Price": "285",
            "Release_Date": "2008-03-15",
            "id": 975
        },
        {
            "Name": "Jordan 2 Retro Quai 54 (GS)",
            "Sales": "53",
            "Retail_Price": "150",
            "Averge_Sale_Price": "69",
            "Highest_Price": "140",
            "Lowest_Price": "45",
            "Release_Date": "2016-07-23",
            "id": 976
        },
        {
            "Name": "Jordan Flyknit Elevation 23 Game Royal",
            "Sales": "53",
            "Retail_Price": "170",
            "Averge_Sale_Price": "63",
            "Highest_Price": "131",
            "Lowest_Price": "40",
            "Release_Date": "2018-07-01",
            "id": 977
        },
        {
            "Name": "Jordan 14 Retro Last Shot (2011)",
            "Sales": "54",
            "Retail_Price": "160",
            "Averge_Sale_Price": "171",
            "Highest_Price": "250",
            "Lowest_Price": "70",
            "Release_Date": "2011-12-17",
            "id": 978
        },
        {
            "Name": "Jordan Zoom Tenacity 88 Safari",
            "Sales": "51",
            "Retail_Price": "125",
            "Averge_Sale_Price": "45",
            "Highest_Price": "85",
            "Lowest_Price": "29",
            "Release_Date": "2018-05-01",
            "id": 979
        },
        {
            "Name": "Jordan 6 Retro Grape (GS)",
            "Sales": "51",
            "Retail_Price": "145",
            "Averge_Sale_Price": "137",
            "Highest_Price": "208",
            "Lowest_Price": "45",
            "Release_Date": "2014-06-07",
            "id": 980
        },
        {
            "Name": "Jordan 1 Retro Mid UNC",
            "Sales": "51",
            "Retail_Price": "160",
            "Averge_Sale_Price": "232",
            "Highest_Price": "350",
            "Lowest_Price": "118",
            "Release_Date": "2019-02-04",
            "id": 981
        },
        {
            "Name": "Jordan 7 Retro Golden Moments Pack (6/7)",
            "Sales": "50",
            "Retail_Price": "175",
            "Averge_Sale_Price": "227",
            "Highest_Price": "340",
            "Lowest_Price": "165",
            "Release_Date": "2012-08-18",
            "id": 982
        },
        {
            "Name": "Jordan Proto Max 720 Club Gold",
            "Sales": "49",
            "Retail_Price": "200",
            "Averge_Sale_Price": "198",
            "Highest_Price": "310",
            "Lowest_Price": "81",
            "Release_Date": "2019-04-20",
            "id": 983
        },
        {
            "Name": "Jordan 1 Retro High Gold Medal (GS)",
            "Sales": "48",
            "Retail_Price": "95",
            "Averge_Sale_Price": "162",
            "Highest_Price": "220",
            "Lowest_Price": "130",
            "Release_Date": "2016-08-01",
            "id": 984
        },
        {
            "Name": "Jordan 5 Retro Satin Bred (PS)",
            "Sales": "48",
            "Retail_Price": "80",
            "Averge_Sale_Price": "64",
            "Highest_Price": "100",
            "Lowest_Price": "30",
            "Release_Date": "2018-11-03",
            "id": 985
        },
        {
            "Name": "Jordan 1 Rebel XX Utility Pack (W)",
            "Sales": "47",
            "Retail_Price": "145",
            "Averge_Sale_Price": "91",
            "Highest_Price": "180",
            "Lowest_Price": "43",
            "Release_Date": "2018-11-01",
            "id": 986
        },
        {
            "Name": "Jordan 1 Mid Pure White",
            "Sales": "47",
            "Retail_Price": "120",
            "Averge_Sale_Price": "132",
            "Highest_Price": "249",
            "Lowest_Price": "90",
            "Release_Date": "2018-11-10",
            "id": 987
        },
        {
            "Name": "Jordan XXXII CEO",
            "Sales": "44",
            "Retail_Price": "185",
            "Averge_Sale_Price": "129",
            "Highest_Price": "250",
            "Lowest_Price": "83",
            "Release_Date": "2017-10-20",
            "id": 988
        },
        {
            "Name": "Jordan 4 Retro Classic Green",
            "Sales": "44",
            "Retail_Price": "100",
            "Averge_Sale_Price": "393",
            "Highest_Price": "950",
            "Lowest_Price": "228",
            "Release_Date": "2004-07-24",
            "id": 989
        },
        {
            "Name": "Jordan 17 OG Wizards Home",
            "Sales": "44",
            "Retail_Price": "200",
            "Averge_Sale_Price": "380",
            "Highest_Price": "524",
            "Lowest_Price": "240",
            "Release_Date": "2002-02-09",
            "id": 990
        },
        {
            "Name": "Jordan 12 Retro International Flight (PS)",
            "Sales": "42",
            "Retail_Price": "85",
            "Averge_Sale_Price": "65",
            "Highest_Price": "95",
            "Lowest_Price": "25",
            "Release_Date": "2018-09-08",
            "id": 991
        },
        {
            "Name": "Jordan 8 Retro Tinker Air Raid (TD)",
            "Sales": "42",
            "Retail_Price": "60",
            "Averge_Sale_Price": "48",
            "Highest_Price": "79",
            "Lowest_Price": "35",
            "Release_Date": "2018-12-22",
            "id": 992
        },
        {
            "Name": "Jordan 14 Retro White Forest Green",
            "Sales": "42",
            "Retail_Price": "150",
            "Averge_Sale_Price": "275",
            "Highest_Price": "450",
            "Lowest_Price": "175",
            "Release_Date": "2005-10-22",
            "id": 993
        },
        {
            "Name": "adidas yeezy boost 350 low moonrock",
            "Sales": "100",
            "Retail_Price": "200",
            "Averge_Sale_Price": "997",
            "Highest_Price": "2000",
            "Lowest_Price": "730",
            "Release_Date": "2015-11-14",
            "id": 994
        },
        {
            "Name": "adidas yeezy boost 350 low oxford tan",
            "Sales": "70",
            "Retail_Price": "200",
            "Averge_Sale_Price": "1012",
            "Highest_Price": "1470",
            "Lowest_Price": "741",
            "Release_Date": "2015-12-29",
            "id": 995
        },
        {
            "Name": "adidas yeezy boost 350 low pirate black 2015",
            "Sales": "95",
            "Retail_Price": "200",
            "Averge_Sale_Price": "895",
            "Highest_Price": "1300",
            "Lowest_Price": "721",
            "Release_Date": "2015-08-22",
            "id": 996
        },
        {
            "Name": "adidas yeezy boost 350 low pirate black 2016",
            "Sales": "122",
            "Retail_Price": "200",
            "Averge_Sale_Price": "984",
            "Highest_Price": "1455",
            "Lowest_Price": "675",
            "Release_Date": "2016-02-19",
            "id": 997
        },
        {
            "Name": "adidas yeezy boost 350 low turtledove",
            "Sales": "68",
            "Retail_Price": "200",
            "Averge_Sale_Price": "1532",
            "Highest_Price": "2300",
            "Lowest_Price": "1042",
            "Release_Date": "2015-06-27",
            "id": 998
        },
        {
            "Name": "adidas yeezy boost 350 low v2 beluga",
            "Sales": "498",
            "Retail_Price": "220",
            "Averge_Sale_Price": "789",
            "Highest_Price": "1490",
            "Lowest_Price": "528",
            "Release_Date": "2016-09-24",
            "id": 999
        },
        {
            "Name": "adidas yeezy boost 350 v2 beluga 2pt0",
            "Sales": "10395",
            "Retail_Price": "220",
            "Averge_Sale_Price": "400",
            "Highest_Price": "840",
            "Lowest_Price": "200",
            "Release_Date": "2017-11-25",
            "id": 1000
        },
        {
            "Name": "adidas yeezy boost 350 v2 blue tint",
            "Sales": "9297",
            "Retail_Price": "220",
            "Averge_Sale_Price": "379",
            "Highest_Price": "2000",
            "Lowest_Price": "286",
            "Release_Date": "2017-12-16",
            "id": 1001
        },
        {
            "Name": "adidas yeezy boost 350 v2 butter",
            "Sales": "11423",
            "Retail_Price": "220",
            "Averge_Sale_Price": "270",
            "Highest_Price": "770",
            "Lowest_Price": "190",
            "Release_Date": "2018-06-30",
            "id": 1002
        },
        {
            "Name": "adidas yeezy boost 350 v2 core black copper",
            "Sales": "225",
            "Retail_Price": "220",
            "Averge_Sale_Price": "657",
            "Highest_Price": "1095",
            "Lowest_Price": "500",
            "Release_Date": "2016-11-24",
            "id": 1003
        },
        {
            "Name": "adidas yeezy boost 350 v2 core black green",
            "Sales": "196",
            "Retail_Price": "220",
            "Averge_Sale_Price": "623",
            "Highest_Price": "999",
            "Lowest_Price": "450",
            "Release_Date": "2016-11-24",
            "id": 1004
        },
        {
            "Name": "adidas yeezy boost 350 v2 core black red",
            "Sales": "302",
            "Retail_Price": "220",
            "Averge_Sale_Price": "938",
            "Highest_Price": "1575",
            "Lowest_Price": "650",
            "Release_Date": "2016-11-24",
            "id": 1005
        },
        {
            "Name": "adidas yeezy boost 350 v2 core black red 2017",
            "Sales": "969",
            "Retail_Price": "220",
            "Averge_Sale_Price": "804",
            "Highest_Price": "1515",
            "Lowest_Price": "636",
            "Release_Date": "2017-02-11",
            "id": 1006
        },
        {
            "Name": "adidas yeezy boost 350 v2 core black white",
            "Sales": "621",
            "Retail_Price": "220",
            "Averge_Sale_Price": "718",
            "Highest_Price": "1100",
            "Lowest_Price": "570",
            "Release_Date": "2016-12-17",
            "id": 1007
        },
        {
            "Name": "adidas yeezy boost 350 v2 cream white",
            "Sales": "9097",
            "Retail_Price": "220",
            "Averge_Sale_Price": "289",
            "Highest_Price": "773",
            "Lowest_Price": "200",
            "Release_Date": "2017-04-29",
            "id": 1008
        },
        {
            "Name": "adidas yeezy boost 350 v2 semi frozen yellow",
            "Sales": "4854",
            "Retail_Price": "220",
            "Averge_Sale_Price": "391",
            "Highest_Price": "1825",
            "Lowest_Price": "210",
            "Release_Date": "2017-11-18",
            "id": 1009
        },
        {
            "Name": "adidas yeezy boost 350 v2 sesame",
            "Sales": "5553",
            "Retail_Price": "220",
            "Averge_Sale_Price": "264",
            "Highest_Price": "545",
            "Lowest_Price": "186",
            "Release_Date": "2018-11-23",
            "id": 1010
        },
        {
            "Name": "adidas yeezy boost 350 v2 static",
            "Sales": "4983",
            "Retail_Price": "220",
            "Averge_Sale_Price": "287",
            "Highest_Price": "800",
            "Lowest_Price": "222",
            "Release_Date": "2018-12-27",
            "id": 1011
        },
        {
            "Name": "adidas yeezy boost 350 v2 static reflective",
            "Sales": "3184",
            "Retail_Price": "220",
            "Averge_Sale_Price": "468",
            "Highest_Price": "2000",
            "Lowest_Price": "300",
            "Release_Date": "2018-12-26",
            "id": 1012
        },
        {
            "Name": "adidas yeezy boost 350 v2 zebra",
            "Sales": "10110",
            "Retail_Price": "220",
            "Averge_Sale_Price": "361",
            "Highest_Price": "899",
            "Lowest_Price": "256",
            "Release_Date": "2017-02-25",
            "id": 1013
        },
        {
            "Name": "nike air force 1 low off-white",
            "Sales": "476",
            "Retail_Price": "170",
            "Averge_Sale_Price": "717",
            "Highest_Price": "1650",
            "Lowest_Price": "385",
            "Release_Date": "2011-01-17",
            "id": 1014
        },
        {
            "Name": "nike air force 1 low off-white black white",
            "Sales": "960",
            "Retail_Price": "170",
            "Averge_Sale_Price": "512",
            "Highest_Price": "741",
            "Lowest_Price": "310",
            "Release_Date": "2018-12-19",
            "id": 1015
        },
        {
            "Name": "nike air force 1 low off-white volt",
            "Sales": "1019",
            "Retail_Price": "170",
            "Averge_Sale_Price": "391",
            "Highest_Price": "950",
            "Lowest_Price": "275",
            "Release_Date": "2018-12-19",
            "id": 1016
        },
        {
            "Name": "nike air force 1 low virgil abloh off-white af100",
            "Sales": "31",
            "Retail_Price": "150",
            "Averge_Sale_Price": "976",
            "Highest_Price": "1500",
            "Lowest_Price": "710",
            "Release_Date": "2011-04-17",
            "id": 1017
        },
        {
            "Name": "nike air max 90 off-white",
            "Sales": "627",
            "Retail_Price": "160",
            "Averge_Sale_Price": "710",
            "Highest_Price": "2000",
            "Lowest_Price": "450",
            "Release_Date": "2009-09-17",
            "id": 1018
        },
        {
            "Name": "nike air max 90 off-white black",
            "Sales": "722",
            "Retail_Price": "160",
            "Averge_Sale_Price": "553",
            "Highest_Price": "800",
            "Lowest_Price": "392",
            "Release_Date": "2019-02-08",
            "id": 1019
        },
        {
            "Name": "nike air max 90 off-white desert ore",
            "Sales": "649",
            "Retail_Price": "160",
            "Averge_Sale_Price": "533",
            "Highest_Price": "765",
            "Lowest_Price": "414",
            "Release_Date": "2019-02-08",
            "id": 1020
        },
        {
            "Name": "nike air max 97 off-white",
            "Sales": "544",
            "Retail_Price": "190",
            "Averge_Sale_Price": "664",
            "Highest_Price": "1300",
            "Lowest_Price": "421",
            "Release_Date": "2011-01-17",
            "id": 1021
        },
        {
            "Name": "nike air max 97 off-white black",
            "Sales": "289",
            "Retail_Price": "190",
            "Averge_Sale_Price": "672",
            "Highest_Price": "1230",
            "Lowest_Price": "513",
            "Release_Date": "2018-10-18",
            "id": 1022
        },
        {
            "Name": "nike air max 97 off-white elemental rose queen",
            "Sales": "216",
            "Retail_Price": "190",
            "Averge_Sale_Price": "894",
            "Highest_Price": "1290",
            "Lowest_Price": "646",
            "Release_Date": "2018-08-25",
            "id": 1023
        },
        {
            "Name": "nike air max 97 off-white menta",
            "Sales": "343",
            "Retail_Price": "190",
            "Averge_Sale_Price": "753",
            "Highest_Price": "1362",
            "Lowest_Price": "627",
            "Release_Date": "2018-10-18",
            "id": 1024
        },
        {
            "Name": "nike air presto off-white",
            "Sales": "596",
            "Retail_Price": "160",
            "Averge_Sale_Price": "1236",
            "Highest_Price": "2160",
            "Lowest_Price": "750",
            "Release_Date": "2009-09-17",
            "id": 1025
        },
        {
            "Name": "nike air presto off-white black 2018",
            "Sales": "1884",
            "Retail_Price": "160",
            "Averge_Sale_Price": "730",
            "Highest_Price": "1500",
            "Lowest_Price": "500",
            "Release_Date": "2018-07-27",
            "id": 1026
        },
        {
            "Name": "nike air presto off-white white 2018",
            "Sales": "1883",
            "Retail_Price": "160",
            "Averge_Sale_Price": "634",
            "Highest_Price": "2100",
            "Lowest_Price": "440",
            "Release_Date": "2008-03-18",
            "id": 1027
        },
        {
            "Name": "nike air vapormax off-white",
            "Sales": "525",
            "Retail_Price": "250",
            "Averge_Sale_Price": "857",
            "Highest_Price": "2399",
            "Lowest_Price": "520",
            "Release_Date": "2009-09-17",
            "id": 1028
        },
        {
            "Name": "nike air vapormax off-white 2018",
            "Sales": "1591",
            "Retail_Price": "250",
            "Averge_Sale_Price": "592",
            "Highest_Price": "1400",
            "Lowest_Price": "430",
            "Release_Date": "2018-04-14",
            "id": 1029
        },
        {
            "Name": "nike air vapormax off-white black",
            "Sales": "1313",
            "Retail_Price": "250",
            "Averge_Sale_Price": "628",
            "Highest_Price": "1500",
            "Lowest_Price": "400",
            "Release_Date": "2018-03-30",
            "id": 1030
        },
        {
            "Name": "nike blazer mid off-white",
            "Sales": "501",
            "Retail_Price": "130",
            "Averge_Sale_Price": "695",
            "Highest_Price": "1600",
            "Lowest_Price": "365",
            "Release_Date": "2009-09-17",
            "id": 1031
        },
        {
            "Name": "nike blazer mid off-white all hallows eve",
            "Sales": "1435",
            "Retail_Price": "130",
            "Averge_Sale_Price": "606",
            "Highest_Price": "1200",
            "Lowest_Price": "410",
            "Release_Date": "2010-03-18",
            "id": 1032
        },
        {
            "Name": "nike blazer mid off-white grim reaper",
            "Sales": "1398",
            "Retail_Price": "130",
            "Averge_Sale_Price": "529",
            "Highest_Price": "908",
            "Lowest_Price": "361",
            "Release_Date": "2010-03-18",
            "id": 1033
        },
        {
            "Name": "nike blazer mid off-white wolf grey",
            "Sales": "288",
            "Retail_Price": "130",
            "Averge_Sale_Price": "785",
            "Highest_Price": "1258",
            "Lowest_Price": "550",
            "Release_Date": "2018-08-25",
            "id": 1034
        },
        {
            "Name": "nike react hyperdunk 2017 flyknit off white",
            "Sales": "484",
            "Retail_Price": "200",
            "Averge_Sale_Price": "495",
            "Highest_Price": "900",
            "Lowest_Price": "336",
            "Release_Date": "2011-01-17",
            "id": 1035
        },
        {
            "Name": "nike zoom fly mercurial off-white black",
            "Sales": "645",
            "Retail_Price": "200",
            "Averge_Sale_Price": "354",
            "Highest_Price": "600",
            "Lowest_Price": "238",
            "Release_Date": "2018-06-14",
            "id": 1036
        },
        {
            "Name": "nike zoom fly mercurial off-white total orange",
            "Sales": "656",
            "Retail_Price": "200",
            "Averge_Sale_Price": "288",
            "Highest_Price": "648",
            "Lowest_Price": "203",
            "Release_Date": "2018-06-14",
            "id": 1037
        },
        {
            "Name": "nike zoom fly off-white",
            "Sales": "435",
            "Retail_Price": "170",
            "Averge_Sale_Price": "535",
            "Highest_Price": "1700",
            "Lowest_Price": "300",
            "Release_Date": "2011-01-17",
            "id": 1038
        },
        {
            "Name": "nike zoom fly off-white black silver",
            "Sales": "1222",
            "Retail_Price": "170",
            "Averge_Sale_Price": "317",
            "Highest_Price": "598",
            "Lowest_Price": "220",
            "Release_Date": "2018-10-13",
            "id": 1039
        },
        {
            "Name": "nike zoom fly off-white pink",
            "Sales": "1359",
            "Retail_Price": "170",
            "Averge_Sale_Price": "271",
            "Highest_Price": "561",
            "Lowest_Price": "210",
            "Release_Date": "2018-11-28",
            "id": 1040
        }
    ]
}